2360 3050
1154 111 1209 148 88

160 240 249 281 Hoc
274 239 373 286 loco,
402 249 512 287 quem
539 236 653 276 modo
680 235 808 282 attuli,
835 236 946 274 simul
974 236 1156 274 docemur
1181 236 1383 285 prologum
1409 255 1462 264 —-
1487 246 1571 273 nam
1600 236 1663 285 qui
1691 235 1888 287 prologum
1916 238 2060 289 agebat,
2087 240 2211 291 ipsum

164 315 398 354 nominatum
424 323 510 350 esse
537 312 736 360 prologum
763 311 946 348 neminem
974 311 1067 347 latet
1094 330 1147 337 —
1172 311 1330 358 proprio
1358 313 1397 346 et
1424 311 1606 357 peculiari
1636 315 1770 347 ornatu
1796 313 1970 349 vestitum
1998 314 2035 350 in
2063 326 2212 353 scenam

163 386 366 437 prodiisse.
420 384 531 422 Unde
558 383 736 432 explicari
762 384 900 421 debent
925 383 1051 420 Plauti
1078 383 1192 419 verba
1218 382 1315 431 prol.
1342 382 1458 419 Poen.
1485 394 1539 419 vs.
1570 382 1666 420 124:
1716 383 1806 433 Ego
1832 384 1891 421 ibo
1918 389 1958 422 et
1985 387 2211 437 ornabar,

161 464 203 498 et
230 470 285 497 vs.
311 458 410 495 127:
466 458 547 504 ibo,
585 458 723 494 alius
747 469 849 494 nnnc
863 458 961 506 fieri
981 457 1077 493 volo.
1131 456 1289 502 Quando
1317 457 1416 492 enim
1443 456 1643 504 prologum
1671 461 1801 503 egerat
1826 458 1979 504 histrio,
2015 460 2139 498 abibat
2164 462 2215 500 de

166 543 295 578 scena,
324 534 380 576 ut,
407 533 515 567 veste
541 533 694 575 mutata,
720 529 823 566 illum
852 532 1019 566 sumeret
1047 532 1238 573 ornatum,
1267 540 1378 575 quem
1405 532 1531 576 partes
1558 529 1595 565 in
1622 529 1747 566 fabula
1774 530 1940 579 agendae
1964 533 2213 580 postulabant.

268 604 338 641 me
365 606 488 640 autem
516 606 667 639 ornatus
694 602 844 651 prologi
873 602 994 649 qualis
1021 600 1159 645 fuerit,
1195 613 1280 637 cum
1315 604 1464 637 veteres
1491 602 1564 650 ipsi
1590 613 1770 649 nusquam
1798 602 1976 649 doceant,
2012 605 2115 643 adire
2141 618 2211 645 nos

165 680 320 728 oportet
355 676 524 713 codicem
556 675 662 711 illum
700 674 871 711 Terentii
907 675 1022 722 longe
1056 675 1375 721 antiquissimum,
1412 674 1644 719 Vaticanum,
1673 676 1738 721 qui
1765 676 1927 712 omnium
1954 688 2213 726 personarum,

167 750 328 799 quaein
363 747 498 784 fabulis
526 746 696 783 Terentii
730 750 860 795 partes
895 746 1056 791 habent,
1092 746 1274 795 imagines
1312 757 1358 783 ex
1395 746 1527 784 ordine
1561 747 1722 783 exhibet.
1776 747 1863 784 Illas
1890 748 2075 796 picturas,
2117 763 2215 800 quae

163 823 202 859 in
247 822 353 858 illum
399 820 566 856 codicem
611 819 775 855 fortasse
826 830 874 855 ex
924 819 1127 865 antiquiori
1174 819 1378 866 exemplari
1425 823 1515 854 sunt
1558 819 1783 863 translatae,
1839 820 1873 855 si
1926 821 2108 869 originem
2150 835 2214 861 re·

166 893 357 944 spexeris,
389 892 455 928 illo
483 892 567 939 ipso
594 894 766 939 tempore
792 894 896 927 natas
926 903 1012 927 esse
1039 893 1172 938 putant
1197 891 1366 928 homines
1395 892 1518 937 docti,
1556 903 1630 939 quo
1658 893 1696 928 in
1724 903 1835 929 scena
1863 892 1984 929 adhuc
2010 895 2215 942 agebantur

166 965 339 1004 Terentii
372 963 530 1000 fabulae.
584 963 799 1011 Descriptus
834 963 1013 1000 habemus
1049 963 1087 999 in
1122 962 1293 1011 pluribus
1322 963 1494 1000 Terentii
1533 964 1782 1010 editionibus,
1824 965 2040 1003 nominatim
2070 968 2109 1004 in
2135 968 2215 1014 illa,

168 1049 265 1086 quae
299 1037 442 1073 Romae
480 1047 575 1072 anno
617 1036 718 1072 1768
754 1037 844 1071 satis
881 1035 1078 1083 splendide
1116 1047 1231 1083 opera
1268 1036 1395 1072 Caroli
1431 1036 1653 1085 Coequelini
1689 1037 1835 1075 duobus
1869 1038 1982 1075 tomis
2017 1038 2056 1077 in
2091 1039 2215 1080 lucem

165 1111 320 1160 prodiit.
373 1110 536 1145 Easdem
563 1110 770 1156 reperimus
797 1110 835 1144 in
863 1110 1175 1144 commentatione
1202 1110 1295 1153 ista,
1335 1121 1443 1156 quam
1471 1110 1521 1144 de
1544 1111 1737 1157 personis,
1773 1110 1889 1158 vulgo
1917 1110 2033 1146 larvis
2060 1114 2216 1162 scripsit

168 1183 271 1224 Ictus
298 1181 348 1219 de
366 1181 519 1230 Berger
527 1178 579 1231 *).
633 1180 744 1218 Hunc
761 1181 897 1218 librum
917 1181 1000 1229 ipse
1016 1181 1217 1229 possideo;
1253 1182 1318 1218 sed
1338 1194 1422 1218 cum
1441 1182 1503 1217 alii
1521 1183 1608 1218 libri
1627 1195 1669 1218 ea
1687 1182 1735 1218 de
1752 1194 1795 1218 re
1813 1183 1903 1217 mihi
1922 1183 2047 1220 desint
2064 1189 2103 1221 et
2128 1187 2216 1224 illae

167 1255 369 1305 imagines,
399 1264 490 1302 quas
518 1252 619 1289 lctus
646 1252 697 1289 de
719 1252 870 1302 Berger
897 1253 934 1289 in
963 1264 1031 1289 suo
1058 1253 1155 1290 libro
1184 1253 1394 1302 descriptas
1422 1253 1537 1299 dedit,
1565 1253 1610 1290 ab
1640 1253 1853 1291 hominibus
1882 1253 2028 1300 doctis,
2057 1257 2121 1303 qui
2147 1257 2216 1296 ha·

165 1339 250 1363 rum
275 1337 402 1362 rerum
430 1328 517 1361 sunt
541 1325 759 1372 peritiores,
787 1325 985 1360 admodum
1013 1324 1250 1373 negligenter
1277 1325 1470 1361 confectae
1499 1325 1683 1371 dicantur,
1711 1325 1794 1374 ipse
1821 1324 1870 1363 de
1894 1325 1967 1363 hac
1994 1326 2144 1375 quidem
2171 1341 2216 1369 re

167 1400 307 1438 certius
318 1400 372 1435 nil
382 1398 721 1434 decernereausim.
749 1397 946 1444 Imagines,
968 1398 1102 1444 quibus
1112 1398 1295 1445 prologus
1307 1400 1346 1433 in
1360 1398 1516 1446 singulis
1531 1398 1669 1434 fabulis
1684 1399 1783 1446 apud
1793 1399 1903 1448 Berg.
1912 1385 2215 1447 repraesentatus

168 1476 252 1517 est,
293 1471 363 1509 sibi
399 1482 529 1518 parum
564 1472 758 1513 constant,
795 1470 847 1505 ita
876 1473 918 1505 ut
954 1469 1027 1506 alia
1062 1470 1107 1505 ab
1144 1469 1216 1506 alia
1253 1471 1371 1519 magis
1409 1471 1607 1518 minusque
1633 1471 1795 1507 differat.
1847 1471 1935 1508 Hoc
1961 1473 2091 1510 videre
2116 1475 2219 1520 licet,

166 1543 293 1581 tunica
321 1545 360 1579 et
385 1541 501 1591 pallio
529 1540 692 1590 longiori
718 1540 916 1591 prologum
944 1552 1030 1579 esse
1056 1540 1245 1579 vestitum.

271 1615 476 1663 Prologum
511 1615 550 1650 in
576 1614 768 1650 Aulularia
802 1614 880 1661 agit
906 1614 982 1649 Lar
1015 1613 1222 1649 familiaris.
1275 1613 1397 1651 Totus
1433 1619 1492 1652 est
1524 1616 1563 1653 in
1597 1615 1854 1665 proponendis
1889 1616 1960 1663 iis,
1997 1628 2092 1666 quae
2119 1620 2218 1659 scire

165 1692 400 1740 spectatores
437 1698 532 1735 opus
563 1690 664 1730 erat,
701 1689 897 1732 antequam
934 1686 1058 1722 fabula
1091 1689 1281 1734 ageretur.
1337 1688 1448 1734 Quod
1477 1688 1578 1724 Deus
1613 1690 1675 1725 hic
1710 1692 1838 1737 partes
1873 1689 2009 1735 habet,
2045 1702 2118 1728 non
2146 1698 2217 1739 est,

169 1761 273 1813 quod
298 1761 487 1798 miremur.
541 1757 724 1795 Similiter
758 1757 798 1795 in
824 1758 1099 1807 Amphitruone
1126 1758 1363 1806 Mercurius,
1405 1761 1443 1796 in
1471 1760 1646 1798 Rudente
1672 1762 1857 1798 Arcturus
1890 1762 2091 1813 prologum
2126 1766 2217 1815 agit,

166 1837 207 1873 in
234 1834 454 1871 Trimunmo
481 1831 645 1867 Luxuria
672 1842 758 1867 cum
784 1830 933 1879 Inopia;
988 1832 1027 1868 in
1055 1831 1292 1879 Cistellaria,
1333 1835 1534 1881 postquam
1561 1833 1646 1871 lena
1672 1834 1711 1878 1,
1738 1833 1776 1870 2.
1804 1834 1852 1871 de
1879 1840 2101 1883 argumento
2127 1850 2216 1886 par-

166 1913 243 1945 tem
253 1905 428 1949 narravit,
443 1904 633 1940 Auxilium
647 1903 790 1938 accedit
800 1905 839 1938 et
848 1903 893 1938 ad
904 1903 1016 1939 finem
1032 1905 1283 1941 narrationem
1296 1905 1480 1953 perducit.
1510 1906 1615 1951 Quae
1624 1906 1672 1941 de
1680 1906 1859 1942 thesauro
1871 1907 1969 1954 prol.
1980 1909 2065 1945 Aul.
2077 1909 2216 1960 docen—

166 1984 244 2024 tur,
271 1989 292 2015 a
320 1987 394 2025 quo
422 1975 495 2012 alio
522 1975 561 2012 in
587 1974 750 2012 medium
780 1973 943 2022 proferri
969 1978 1156 2022 poterant,
1184 1977 1257 2013 nisi
1283 1989 1305 2013 a
1332 1976 1404 2012 deo
1431 1976 1564 2013 harum
1590 1989 1717 2013 rerum
1744 1978 1826 2014 solo
1855 1981 2037 2016 conscio?
2083 1986 2124 2018 ut
2149 1994 2216 2030 pa·

166 2053 261 2089 riter
285 2049 324 2086 in
351 2047 624 2097 Amphitruone
650 2045 866 2082 Mercurius
894 2046 998 2083 solus
1025 2047 1164 2085 docere
1198 2048 1347 2097 potuit,
1388 2060 1484 2097 quae
1512 2049 1590 2087 illic
1616 2052 1822 2088 narrantur.
1876 2051 1971 2099 Quis
1997 2056 2120 2092 autem
2147 2067 2214 2094 ne-

167 2125 256 2168 scit,
282 2122 316 2158 si
344 2132 440 2167 quae
466 2120 623 2155 deorum
650 2118 732 2154 solo
758 2119 972 2154 interventu
999 2120 1169 2167 expediri
1196 2121 1370 2167 solvique
1397 2125 1569 2168 possunt,
1596 2125 1677 2157 tum
1704 2133 1752 2159 ne
1774 2123 1818 2159 ab
1837 2123 2044 2164 Aristotele
2063 2126 2216 2175 quidem

169 2201 210 2235 et
235 2194 280 2233 ab
306 2192 466 2230 Horatio
492 2195 627 2239 poetas
653 2191 772 2227 vetari
798 2191 890 2227 deos
917 2192 956 2227 in
982 2193 1144 2228 carmina
1171 2192 1470 2241 admittere‘3**)
1520 2194 1562 2229 ln
1588 2193 1766 2230 Rudente
1791 2196 1974 2231 Arcturus
2000 2198 2040 2233 in
2066 2210 2217 2236 scenam

169 2264 352 2319 prologus
379 2261 518 2313 prodit,
546 2260 648 2311 quod
675 2260 830 2299 deorum
856 2261 994 2300 auxilio
1020 2262 1167 2313 puellas
1195 2267 1360 2303 servatas
1386 2265 1505 2303 videri
1532 2266 1652 2303 voluit
1677 2270 1800 2315 poeta.
1855 2267 1931 2306 Sed
1951 2271 2053 2316 quod
2070 2272 2108 2308 in
2127 2272 2216 2309 Tri-

168 2348 320 2379 nummo
346 2335 528 2386 prologus
556 2334 679 2383 agitur
704 2346 726 2371 a
751 2333 917 2372 Luxuria
943 2334 990 2372 ad
1017 2334 1183 2385 Inopiam
1209 2337 1323 2375 verba
1347 2337 1534 2385 faciente,
1571 2339 1611 2375 id
1638 2350 1727 2378 sane
1750 2340 1886 2377 mirum
1913 2341 2062 2380 videtur
2090 2348 2129 2381 et
2156 2345 2215 2382 in-

171 2412 365 2451 solentius.
418 2408 476 2444 De
502 2410 722 2457 argumento
749 2406 898 2444 fabulae
926 2408 1126 2458 exponitur
1150 2409 1271 2459 prima
1298 2412 1337 2448 et
1363 2410 1526 2449 secunda
1552 2421 1686 2458 scena;
1738 2400 1899 2462 prologo
1929 2415 2073 2453 tantum
2101 2416 2215 2456 doce·

168 2491 234 2525 tm·
267 2484 317 2521 de
349 2481 499 2519 nomine
533 2483 573 2516 et
604 2480 712 2516 fonte
736 2479 906 2524 fabulae3
961 2480 1063 2528 quod
1089 2484 1133 2517 ut
1157 2482 1290 2529 fieret,
1327 2495 1400 2532 qua
1424 2483 1576 2521 tandem
1603 2484 1652 2522 de
1678 2496 1790 2523 cansa
1816 2485 1974 2525 deorum
2000 2487 2217 2529 interventu

169 2559 243 2598 fuit
269 2555 393 2605 opus‘!
445 2554 480 2590 A
505 2552 640 2590 Plauto
667 2552 849 2600 scriptum
876 2563 962 2589 esse
987 2554 1207 2603 prologum,
1241 2567 1287 2592 eo
1314 2557 1433 2605 magis
1460 2569 1680 2607 persuasum
1715 2557 1860 2604 habeo,
1901 2560 2001 2607 quod
2028 2561 2081 2598 dii
2105 2562 2216 2601 indu·

171 2633 321 2674 cuntur,
346 2627 385 2665 id
404 2624 504 2674 quod
521 2624 676 2662 Plautus
694 2624 901 2662 studiosius
918 2624 1021 2663 facit.
1074 2626 1210 2675 Itaque
1229 2629 1268 2665 ni
1291 2630 1411 2666 omnia
1437 2642 1499 2667 me
1525 2630 1669 2675 fallunt,
1696 2631 1778 2679 ipsa
1803 2631 1916 2668 huius
1942 2633 2093 2682 prologi
2119 2637 2215 2673 ratio

172 2715 259 2743 oum
276 2701 358 2739 aliis
376 2698 489 2736 rebus
505 2697 750 2747 vestigiisque
770 2699 830 2735 est
853 2696 1007 2745 indicio,
1033 2709 1056 2736 a
1072 2696 1207 2739 Plauto
1234 2703 1359 2741 aetate
1384 2702 1459 2741 iam
1482 2702 1722 2754 provectiore
1748 2704 1995 2754 compositum
2022 2717 2108 2746 esse
2125 2706 2215 2746 Tri—

214 2857 248 2894 t)
268 2856 420 2890 Francos.
443 2863 477 2893 et
497 2860 639 2903 Lipsiae,
660 2862 693 2902 4,
715 2863 799 2895 1723
818 2862 849 2895 in
870 2862 972 2895 lucem
989 2862 1117 2905 prodiit.

214 2921 266 2960 υ)
288 2918 359 2952 vid.
380 2920 543 2957 Aristotel.
566 2924 609 2957 de
629 2928 690 2957 art.
711 2928 800 2968 poet.
821 2934 849 2958 c.
873 2927 923 2959 18.
944 2927 974 2968 §-
997 2928 1049 2960 1³.
