2360 3050
1094 123 1095 126 Ἴ
1145 81 1174 118 8

85 230 93 237 .
128 206 313 248 cimmo&
339 215 472 245 venus
501 204 541 243 in
566 204 635 243 illo
663 203 795 243 codice
811 202 1063 254 Palimspesto
1087 203 1340 243 inveniuntur.
1393 203 1594 245 Eiusmodi
1619 216 1754 251 versus
1783 213 1858 251 orti
1873 214 1960 254 sunt
1977 220 2201 261 exdlve'tn‘

124 285 254 319 textus
282 281 446 318 Plautini
475 279 706 323 conditione,
736 290 844 325 quam
874 278 970 314 alius
998 278 1106 313 aliter
1133 278 1330 313 constituit
1357 281 1446 326 post
1472 278 1647 317 Plautum
1677 283 1862 332 addendo,
1889 293 2080 340 mutando,
2106 295 2191 333 mu·-

124 355 280 400 tilando,
307 351 531 398 abiiciendo,
557 355 601 389 ut
626 352 699 388 iam
725 354 866 400 pateat,
905 350 1187 400 palimspestum
1215 350 1334 397 illum,
1378 363 1490 399 quem
1518 353 1558 390 in
1583 354 1812 396 bibliotheca
1837 360 2082 404 Ambrosiam
2106 367 2195 407 An·

126 430 236 479 gelus
263 428 354 465 Mai.
382 428 544 470 invenit,
580 426 748 462 codicem
776 426 972 470 diversae,
1001 425 1102 472 quod
1131 425 1282 469 dicunt,
1318 425 1438 461 fuisse
1465 425 1638 470 familiae.
1694 429 1829 478 ltaqu'e
1853 434 1888 469 ei
1914 438 1999 473 dum
2023 438 2193 477 homini-r

125 503 209 548 bun,
246 500 313 549 qni
338 512 403 538 res
431 500 603 547 antiquas
631 498 797 536 cavillari
824 498 959 543 solent,
994 498 1046 534 ita
1072 497 1179 544 loqui
1206 497 1334 541 liceat,
1362 498 1471 535 nobis
1501 501 1817 549 quasi-gratulari
1834 506 2037 555 debemus,
2062 512 2098 548 si
2121 519 2199 550 veh-¹

127 586 211 612 rum
238 576 312 619 est,
341 572 457 622 quod,
486 572 552 620 qui
578 571 627 608 de
645 570 770 608 Plauti
798 571 991 608 codicibus
1015 569 1130 606 MSS.
1159 581 1367 617 eorumque
1393 570 1552 609 historia
1579 572 1743 621 fatisque
1771 576 1974 625 disserunt,
2001 583 2049 619 ad
2075 585 2196 622 unum'

129 658 262 684 omnes
299 646 452 689 dicunt,
489 647 733 691 quotcunque
761 643 886 679 Plauti
922 643 1040 678 libros
1067 640 1182 678 MSS.
1209 645 1311 678 aetas
1349 643 1456 679 nobis
1491 646 1719 691 servaverit,
1762 627 1891 686 omnes
1920 663 1966 687 ex
1991 665 2065 690 uno
2091 629 2198 692 libro>

128 719 212 757 MS.
240 723 415 765 tanquam
445 728 489 753 ex
518 717 726 764 archetypo
753 712 995 765 manasse*);
1046 716 1079 751 si
1106 715 1206 751 enim
1233 726 1280 750 ex
1306 715 1477 762 pluribus
1505 716 1610 752 libris
1638 717 1808 757 diversae
1835 725 2066 763 recensionis
2093 737 2185 776 pro-

127 793 221 831 fecti
258 794 387 829 essent
421 790 572 827 codices
608 793 649 826 et
683 789 771 825 libri
806 788 943 833 MSS.,
986 800 1080 836 quos
1109 792 1212 824 aetas
1240 788 1346 833 tulit,
1383 789 1520 825 mirum
1548 794 1728 837 quantum
1756 798 1957 842 augeretur
1984 798 2186 837 difficultas

128 866 277 904 doctius
305 864 490 901 tractandi
513 862 741 912 legendique
760 861 945 907 Plautum,
974 874 995 898 a
1021 864 1081 899 tot
1106 861 1320 898 homiuibus
1346 862 1420 899 iam
1447 862 1653 911 antiquitus
1680 864 1820 903 misere
1846 868 2036 916 perditum
2066 874 2105 915 et
2128 871 2191 910 di·

129 940 344 978 laceratum.

237 1019 493 1081 Quamquam,
531 1030 633 1080 quod
660 1029 797 1067 mirum
825 1034 905 1075 est,
943 1030 975 1067 si
1003 1030 1171 1079 singulae
1197 1028 1322 1067 Plauti
1347 1029 1497 1072 fabulae
1524 1031 1803 1079 respiciuntur,
1840 1033 1950 1070 aliam
1978 1036 2047 1073 alia
2073 1038 2192 1087 magis

127 1107 194 1145 isti
231 1105 518 1155 interpolationi
553 1105 760 1154 expositam
788 1103 907 1140 fuisse
934 1105 1118 1153 suspicari
1146 1104 1336 1141 debemus.
1391 1102 1433 1140 Si
1461 1104 1559 1140 enim
1587 1104 1795 1152 inspexeris
1823 1105 1984 1143 indicem
2012 1109 2193 1157 locorum,

131 1182 198 1229 qui
227 1192 274 1217 ex
302 1179 510 1217 comoediis
538 1177 677 1223 Plauti,
707 1188 804 1225 quae
831 1177 955 1213 adhuc
983 1180 1144 1223 exstant,
1172 1189 1193 1214 a
1221 1176 1480 1214 Grammaticis
1508 1181 1858 1224 commemorantur,
1892 1180 1960 1217 sed
1988 1182 2052 1229 qui
2078 1182 2118 1220 in
2144 1183 2196 1220 li·‘

133 1255 214 1291 bris
241 1253 377 1297 MSS„
407 1264 503 1299 quos
530 1252 646 1287 hodie
673 1251 878 1293 habemus,
907 1261 1089 1297 nusquam
1117 1253 1357 1298 comparent,
1383 1249 1600 1294 miraberis,
1636 1249 1789 1285 illorum
1816 1250 1986 1288 locorum
2011 1253 2195 1301 plurimos

132 1338 220 1363 esse
248 1338 294 1363 ex
321 1324 586 1368 Bacchidibus,
616 1335 661 1359 ex
688 1323 978 1370 Amphitruone,
1007 1334 1053 1358 ex
1079 1323 1295 1366 Aulularia5
1346 1333 1460 1357 unum
1488 1322 1628 1358 duosve
1655 1325 1799 1358 tantum
1827 1335 1913 1360 esse
1940 1336 1986 1360 ex
2012 1319 2200 1373 Poenulo,=

131 1376 344 1442 Pseudolo,
368 1395 568 1441 Rudente;
622 1394 767 1432 nullum
793 1393 876 1430 fere
905 1406 951 1431 ex
979 1394 1205 1439 Cistellaria,
1234 1405 1280 1431 ex
1308 1392 1542 1440 Trinummo,
1571 1407 1618 1431 ex
1646 1394 1878 1442 Mercatore,
1918 1408 1964 1433 ex
1990 1396 2196 1437 Menaech-

134 1473 220 1508 mis.
276 1469 377 1516 Quid
405 1468 494 1503 inde
522 1470 717 1514 sequatur,
753 1470 929 1515 apparet:
986 1477 1031 1502 ex
1057 1467 1193 1503 fabulis
1221 1466 1344 1502 Plauti
1372 1465 1480 1502 aliam
1507 1466 1578 1503 alia
1604 1467 1721 1516 magis
1749 1479 1770 1505 a
1796 1467 1939 1517 populo
1965 1468 2083 1507 fuisse
2109 1470 2195 1509 ada-

130 1547 268 1581 matam
295 1545 409 1589 atque
435 1541 475 1577 in
502 1540 650 1576 deliciis
676 1540 855 1586 habitam,
881 1539 1197 1588 frequentiusque
1223 1539 1263 1576 in
1290 1549 1402 1577 scena
1428 1541 1551 1575 actam
1579 1543 1619 1576 et
1647 1551 1692 1576 ea
1718 1539 1767 1576 de
1794 1551 1908 1578 causa
1933 1542 2054 1590 magis
2080 1543 2197 1581 inter-

131 1615 255 1666 polari
282 1612 471 1663 potuisse.
2199 1608 2201 1610 ’

239 1706 318 1745 Sed
344 1706 440 1743 haec
467 1705 591 1742 omnia
619 1713 802 1752 quorsum
829 1704 868 1741 in
894 1704 1062 1742 medium
1089 1705 1241 1742 tandem
1268 1705 1441 1754 protuli?
1494 1705 1549 1742 Ut
1575 1707 1723 1753 pateat,
1765 1717 1836 1754 per
1862 1717 1905 1744 se
1930 1706 2032 1744 haud
2058 1693 2200 1759 impross

135 1781 299 1821 habilem
338 1791 425 1817 esse
461 1778 686 1815 sententiam
714 1777 840 1814 Rostii
868 1779 1077 1827 opinantiS,
1113 1790 1162 1815 ne
1190 1791 1212 1815 a
1238 1779 1451 1816 nominibus
1481 1778 1632 1826 quidem
1658 1778 1856 1826 titulisque
1883 1778 2089 1817 fabularum
2115 1781 2200 1819 lon-

131 1857 217 1906 gius
253 1852 422 1892 abfuisse
457 1851 571 1888 istam
604 1850 958 1899 interpolationem,
998 1852 1058 1889 cui
1092 1851 1167 1888 iam
1194 1852 1458 1902 antiquissimo
1486 1854 1659 1899 tempore
1687 1851 1869 1889 obnoxiae
1895 1851 2048 1889 fuerunt
2075 1852 2202 1891 Plauti

130 1928 291 1966 fabulae.
346 1924 476 1962 Etiam
512 1923 660 1960 nomina
695 1924 977 1960 comoediarum
1013 1924 1185 1972 potuisse
1220 1925 1357 1961 mutari
1393 1925 1467 1961 iam
1504 1935 1550 1960 ex
1579 1935 1625 1960 eo
1654 1927 1833 1973 apparet,
1873 1925 1975 1973 quod
2001 1925 2101 1963 haud
2127 1937 2202 1965 una

131 2001 258 2039 fabula
285 1999 401 2036 etiam
427 1996 566 2041 Plauti,
606 1999 650 2032 ut
677 1999 812 2044 postea
838 1998 1060 2041 videbimus,
1096 1997 1239 2045 duplici
1267 1997 1419 2033 nomine
1446 1997 1620 2032 laudatur
1645 2008 1668 2033 a
1696 1997 1970 2035 Grammaticis
2023 1997 2201 2035 Plautum

132 2086 223 2124 prae
260 2071 401 2110 ceteris
437 2069 592 2107 comicis
629 2069 670 2105 in
705 2070 876 2106 manibus
903 2069 986 2105 fere
1014 2082 1166 2117 semper
1191 2070 1377 2106 habebant
1402 2069 1629 2113 histriones,
1672 2069 1761 2116 quin
1788 2071 2019 2117 grammatici
2048 2081 2202 2118 quoque

135 2151 177 2185 et
213 2145 428 2194 quicunque
463 2152 547 2178 rem
582 2140 768 2178 scenicam
795 2140 1051 2178 Romanorum
1078 2141 1307 2186 tractabant;
1362 2141 1492 2189 quidni
1520 2140 1637 2189 igitur
1663 2141 1920 2190 fieri-potuit,
1956 2144 1999 2177 ut
2024 2140 2201 2188 fabulam,

133 2221 173 2257 in
202 2229 275 2267 qua
302 2226 446 2253 summa
472 2214 530 2250 rei
558 2213 605 2250 ad
632 2212 753 2250 aulam
781 2213 860 2249 auri
889 2217 1061 2250 onustam
1087 2214 1200 2259 redit,
1235 2213 1297 2251 vel
1324 2214 1363 2250 in
1393 2225 1465 2261 qua
1491 2213 1654 2250 ridicule
1682 2214 1871 2251 asinorum
1897 2213 2064 2251 venditio
2082 2214 2202 2251 ‘com-

137 2293 381 2332 memoratur,
408 2287 470 2323 vel
498 2287 539 2321 in
567 2297 639 2332 qua
667 2296 783 2321 senex
808 2283 926 2321 redux
953 2297 974 2321 a
1001 2297 1125 2330 servo,
1166 2287 1229 2332 qui
1256 2286 1411 2333 phasma
1437 2285 1475 2320 in
1503 2284 1655 2321 aedibus
1683 2286 1851 2334 conspici
1880 2289 2006 2321 narrat
2032 2285 2202 2322 simulat-

137 2375 226 2412 que,
267 2375 290 2399 a
316 2362 430 2397 domo
458 2369 527 2394 suo
555 2357 728 2393 intranda
753 2358 991 2405 prohibetur,
1026 2358 1321 2406 nuncupaverint
1346 2357 1410 2392 isti
1436 2356 1723 2403 Mostellariam,
1757 2357 1980 2404 Asinariam,
2014 2357 2202 2395 Aululari-

136 2437 226 2477 am'!
277 2432 471 2473 Familiari
508 2431 612 2480 quasi
638 2430 753 2468 modo
782 2442 852 2467 suo
879 2431 932 2467 ita
958 2430 1084 2468 facere
1111 2430 1283 2467 solebant
1308 2430 1564 2479 negligentius
1593 2433 1708 2478 atque
1734 2431 1983 2477 incuriosius,
2025 2431 2203 2481 neglecto

139 2511 250 2550 etiam
286 2507 419 2552 titulo,
457 2516 570 2553 quem
596 2503 753 2541 Plautus
792 2503 874 2551 ipse
910 2503 1069 2541 inditum
1103 2503 1288 2540 voluerat.
1341 2502 1429 2540 Hoc
1466 2503 1583 2552 igitur
1610 2506 1755 2540 certum
1783 2515 1867 2541 esse
1893 2503 2061 2541 videmus
2090 2504 2203 2542 etiam

138 2583 288 2623 uomina
312 2577 603 2617 comoediarum
640 2575 765 2612 Plauti
801 2575 1086 2624 interpolationi
1121 2576 1206 2621 isti,
1247 2588 1344 2623 quae
1377 2576 1451 2612 iam
1487 2575 1747 2623 antiquissimo
1783 2578 1957 2624 temqore
1992 2574 2129 2614 cecidit
2162 2576 2202 2614 in

139 2657 331 2699 Plautum,
352 2651 533 2701 *exposita
558 2649 691 2686 fuisse.
746 2648 824 2685 Sed
853 2660 1050 2696 quousque
1076 2650 1150 2686 ista
1178 2649 1386 2687 titulorum
1413 2648 1655 2697 interpolatio
1682 2649 1919 2697 pertinuerit,
1955 2649 1994 2686 id
2021 2648 2201 2686 diiudica-

141 2742 186 2768 re
214 2726 407 2766 difficilius
435 2734 523 2761 esse
547 2722 711 2768 videtur,
740 2733 852 2769 quam
879 2724 923 2758 ut
947 2721 995 2758 ad
1024 2721 1210 2770 liquidum
1235 2733 1299 2759 res
1325 2732 1488 2769 unquam
1513 2720 1671 2769 perduci
1696 2721 1829 2769 possit.

185 2915 214 2954 ·)
237 2910 288 2946 Cf.
313 2918 396 2952 quae
417 2907 572 2943 Bitschel.
595 2907 637 2941 de
657 2916 695 2940 re
715 2906 784 2940 crit.
806 2905 856 2939 Pl.
880 2905 1047 2940 disseruit:
1090 2905 1205 2939 Rbein.
1228 2906 1376 2940 Muscam
1398 2905 1448 2938 fiir
1469 2904 1551 2938 Phil.
1573 2906 1605 2938 4.
1627 2903 1737 2947 Jabrg.
1756 2907 1788 2941 2.
1810 2903 1900 2946 Hert,
1921 2914 1997 2949 pag.
2020 2907 2089 2939 153.
2128 2934 2130 2937 ,
