2360 3050
529 228 592 263 aut
617 224 749 274 primis
776 224 928 274 syllabis
954 224 1016 262 vel
1042 223 1164 262 literis
1191 224 1272 261 sive
1299 222 1491 260 vocalibus
1518 222 1599 260 sive
1625 223 1817 269 consonis,

527 301 592 335 aut
617 298 657 334 in
683 309 753 334 una
779 301 969 346 postrema
996 300 1035 334 et
1061 297 1190 333 altera-
1205 296 1327 345 prima
1352 295 1507 344 syllaba,

526 374 603 415 aut,
632 381 851 417 quamquam
879 370 916 406 id
943 370 1064 407 rarius
1091 369 1293 415 invenitur,
1311 368 1359 405 in
1384 368 1503 416 prima
1530 370 1569 405 et
1595 371 1788 417 postrema
1814 367 1968 417 syllaba,

526 446 590 479 aut
616 443 653 479 in
680 442 813 479 mediis
847 441 1054 488 vocabulis,

527 517 591 551 aut
635 515 674 551 in
708 513 912 563 postremis
947 513 1124 562 syllabis3
1179 512 1282 561 quod
1319 524 1437 561 genus
1474 524 1558 550 cum
1592 525 1684 562 prae
1719 513 1857 550 ceteris
1895 514 1967 550 iam
2001 512 2210 561 antiquitus

670 586 1010 623 animadverterent
1045 585 1224 622 rhetores
1261 588 1302 622 et
1329 585 1582 634 grammatici,
1619 580 1936 633 ὃμοιοτέλευτον
1968 584 2212 633 peculiariter

669 659 930 702 nominarunt3

523 733 589 767 aut
622 731 783 777 denique
819 732 858 766 in
891 741 1067 767 versuum
1102 730 1233 775 initio,
1267 730 1393 766 medio
1429 733 1469 767 et
1503 731 1601 775 fine,
1638 730 1699 767 vel
1726 731 1764 767 in
1790 730 1911 779 priori
1938 733 1978 767 et
2004 729 2211 778 posteriori

668 803 850 839 membro.

261 874 340 911 Has
368 873 506 911 classes
535 885 618 911 cum
645 875 858 924 singulatim
885 885 956 923 per
982 874 1075 911 duas
1097 874 1256 911 maxime
1272 874 1488 911 Aululariae
1505 886 1635 911 scenas
1654 874 1834 923 persequi
1852 885 1981 921 conor,
2007 874 2092 911 fieri
2108 873 2209 911 haud

155 947 321 996 poterit,
363 947 453 994 quin
490 947 623 983 eodem
650 948 689 983 in
716 947 800 983 loco
829 947 939 983 simul
967 947 1052 994 plus
1079 957 1195 982 unum
1222 946 1485 983 alliterationis
1513 958 1633 995 genus
1661 948 1927 995 conspiciatur.
1980 946 2093 983 Haud
2119 957 2208 983 raro

155 1021 276 1064 euim,
316 1022 358 1055 ut
383 1019 493 1066 lepor
520 1019 670 1066 quidam
697 1019 859 1056 orationi
885 1020 1070 1064 oriretur,
1096 1020 1330 1055 coacervavit
1356 1018 1517 1055 Plautus
1543 1019 1852 1064 alliterationem,
1881 1022 1920 1056 et
1947 1030 2059 1055 unum
2087 1030 2208 1067 genus

155 1103 239 1129 cum
266 1091 386 1129 altero
415 1091 522 1139 quasi
552 1092 753 1129 coniunxit.
805 1091 941 1140 Neque
966 1103 1086 1141 porro
1110 1092 1183 1129 ista
1209 1091 1413 1129 alliteratio
1439 1095 1498 1129 est
1524 1091 1637 1129 modo
1663 1092 1701 1129 in
1728 1092 1877 1137 verbis,
1904 1103 2001 1140 quae
2027 1091 2207 1128 continuo

153 1175 196 1201 se
232 1167 464 1212 sequuntur,
499 1164 567 1201 sed
600 1165 787 1201 interdum
823 1165 936 1201 etiam
971 1176 1086 1201 unum
1123 1164 1247 1201 duove
1271 1164 1450 1201 vocabula
1478 1168 1564 1201 sunt
1589 1165 1809 1210 interiecta,
1851 1176 1947 1212 quae
1974 1164 2008 1200 si
2033 1164 2208 1201 breviora

151 1239 239 1272 sunt
265 1240 304 1272 et
330 1236 523 1281 enclitica,
548 1239 592 1272 ut
617 1249 698 1282 me,
725 1241 788 1282 te,
813 1248 880 1282 se,
900 1248 994 1285 nos,
1022 1247 1113 1281 vos,
1139 1248 1251 1282 eum,
1277 1241 1362 1282 esc,
1388 1237 1442 1272 nil
1468 1236 1554 1273 fere
1580 1238 1705 1274 valent
1732 1240 1773 1274 et
1798 1236 2037 1274 antecedenti
2064 1235 2208 1273 nomini

155 1308 297 1345 debent
323 1308 484 1345 annecti.
535 1306 623 1356 lpse
649 1312 774 1345 tamen
800 1309 939 1353 sentio,
962 1308 1065 1345 iusto
1081 1309 1268 1345 tenuioris
1291 1309 1521 1353 subtilitatis,
1546 1320 1595 1345 ne
1620 1298 1757 1355 dicam,
1780 1302 2052 1359 μικρολογίας
2076 1308 2207 1344 cuius-

152 1380 237 1417 dam
263 1380 426 1417 incusari
451 1392 514 1417 me
537 1392 676 1429 posse,
692 1381 794 1428 quod
821 1382 924 1417 inter
944 1381 1134 1429 exempla,
1163 1393 1260 1428 quae
1285 1382 1456 1426 afferam,
1481 1381 1743 1418 alliterationis
1768 1380 1928 1429 plurima
1955 1384 2080 1425 erunt,
2108 1391 2206 1428 quae

151 1463 228 1490 non
254 1452 429 1489 consulto
456 1453 641 1500 quaesita,
667 1453 735 1490 sed
761 1453 923 1490 fortuito
949 1456 1033 1489 orta
1059 1453 1309 1498 videbuntur3
1349 1465 1434 1491 cum
1460 1454 1558 1491 enim
1587 1465 1662 1490 non
1687 1464 1805 1502 pauca
1831 1453 1915 1489 cius
1940 1452 2092 1501 generis
2111 1452 2207 1489 scri-

151 1526 278 1570 benti,
304 1525 395 1562 licet
420 1536 494 1562 non
522 1526 772 1573 quaesiverit,
806 1526 1022 1562 necessario
1049 1526 1192 1562 obviam
1219 1537 1262 1562 se
1287 1526 1431 1572 ferant,
1460 1527 1674 1574 quomodo,
1701 1526 1768 1573 qui
1794 1525 1912 1563 latine
1938 1525 2093 1569 scribit',
2121 1525 2205 1561 alli-

150 1598 374 1636 terationem
418 1598 550 1643 istam,
599 1598 646 1634 ad
681 1610 791 1645 quam
826 1597 1031 1635 secundum
1065 1601 1233 1635 naturam
1267 1610 1371 1636 suam
1405 1599 1532 1648 lingua
1566 1599 1735 1637 Romana
1768 1598 1976 1646 proclivior
2007 1597 2084 1635 dici
2115 1602 2205 1646 pot·

153 1675 237 1717 est,
265 1669 449 1709 evitabit?
503 1669 706 1716 Concedo,
731 1670 786 1706 ita
811 1669 1088 1718 quodammodo
1113 1680 1224 1716 esse,
1250 1670 1342 1717 sed,
1380 1682 1463 1708 cum
1489 1671 1564 1708 hoc
1590 1671 1717 1720 ipsum
1743 1672 1916 1717 constet,
1946 1669 2139 1721 propriam
2166 1673 2208 1708 et

149 1745 310 1781 nativam
336 1754 495 1792 prorsus
520 1743 839 1790 domesticamque
864 1743 1030 1779 sermoni
1055 1742 1226 1789 Romano
1252 1755 1340 1780 esse
1370 1744 1658 1791 alliterationgm
1698 1744 1821 1790 adeo,
1856 1747 1899 1780 ut
1932 1745 2047 1781 etiam
2074 1743 2206 1789 nescii,

151 1816 217 1864 qui
232 1815 349 1853 latine
374 1815 599 1861 scribebant,
625 1815 671 1852 ad
699 1827 780 1852 eam
806 1815 931 1851 delabi
946 1818 1119 1864 possent,
1144 1815 1277 1863 utique
1301 1816 1487 1853 incertum
1515 1820 1587 1863 est,
1615 1817 1678 1865 qui
1706 1817 1802 1854 fines
1831 1816 2086 1854 constituendi
2114 1816 2204 1860 sint,

151 1889 186 1926 si
214 1888 454 1937 quaerimus,
486 1887 661 1925 consulto
688 1899 734 1924 an
762 1898 851 1924 casu
877 1887 975 1924 haec
1007 1887 1130 1937 figura
1155 1887 1220 1925 hic
1246 1892 1286 1926 et
1311 1889 1392 1926 illic
1416 1889 1455 1926 in
1483 1890 1689 1927 orationem
1714 1889 1873 1927 venerit.
1926 1888 2004 1927 Sed
2029 1900 2079 1927 ne
2104 1888 2205 1926 iusto

150 1961 301 2010 longior
319 1972 459 2006 essem,
483 1972 557 2009 per
571 1963 714 2009 partem
740 1960 854 1996 modo
878 1960 1061 1997 minorem
1080 1961 1308 2007 Aululariae,
1334 1973 1406 2010 per
1430 1963 1632 2011 prologum
1659 1966 1699 2000 et
1726 1963 1886 2011 primum
1914 1965 2053 2007 actum,
2079 1961 2200 1998 allite·

150 2034 335 2070 rationem
353 2034 562 2069 accuratius
577 2035 799 2080 persecutus
818 2043 917 2076 sum,
941 2035 985 2067 ut
1004 2032 1271 2079 significarem,
1298 2033 1419 2079 qualis
1437 2037 1477 2069 et
1494 2035 1555 2070 ubi
1574 2038 1698 2078 esset;
1740 2038 1866 2071 cetera
1882 2033 2086 2069 lectoribus
2112 2042 2202 2081 per·

151 2105 260 2142 mitto
285 2105 429 2142 veniam
454 2116 608 2153 rogans,
633 2105 665 2140 si
693 2103 782 2151 quid
809 2102 913 2139 forte
939 2106 1005 2139 aut
1030 2103 1220 2155 omiserim
1246 2107 1312 2141 aut
1337 2104 1490 2143 modum
1517 2106 1705 2152 excedam,
1733 2109 1798 2144 aut
1823 2106 1863 2144 in
1890 2105 2107 2143 universum
2133 2116 2201 2154 pa-

149 2190 235 2218 rum
261 2182 369 2217 recte
393 2170 575 2217 moneam.
627 2175 859 2214 Taubmanni
887 2176 1089 2214 editionem
1115 2188 1273 2226 sequor.

204 2290 207 2291 γ
258 2252 287 2289 1.
322 2250 459 2289 Primis
486 2250 641 2300 syllabis
666 2250 727 2286 vel
753 2249 875 2286 literis·
900 2249 983 2286 sive
1007 2251 1196 2296 consonis,
1221 2251 1316 2296 sire,
1343 2250 1447 2298 qnod
1472 2250 1610 2289 fortius
1637 2255 1759 2300 sonat,
1785 2251 1976 2291 vocalibus
2001 2250 2049 2290 fit
2075 2251 2197 2290 anite-

152 2326 264 2363 ratio.
315 2325 375 2363 Ad
402 2325 477 2362 hoc
502 2336 619 2373 genus
647 2335 692 2360 ex
718 2322 889 2359 Aulular.
913 2321 1076 2371 prologo
1101 2323 1196 2361 haec
1221 2323 1359 2361 referri
1385 2324 1544 2362 debent:

666 2406 853 2432 servarem
879 2393 951 2431 sibi
976 2405 1030 2431 vs.
1058 2394 1112 2441 8.,

665 2479 839 2517 magnum
864 2468 1016 2503 modum
1042 2478 1097 2503 vs.
1124 2467 1204 2514 13„

668 2540 801 2576 labore
827 2551 965 2589 magno
990 2551 1045 2576 vs.
1073 2539 1149 2585 14„

662 2624 813 2662 semper
838 2612 1026 2661 snpplIcat
1049 2624 1105 2650 vs.
1131 2612 1196 2649 24.
1220 2633 1275 2641 —
1300 2613 1359 2651 Ex
1384 2614 1512 2652 Aulul.
1540 2615 1578 2661 1,
1605 2615 1644 2652 1.
1670 2597 1758 2653 su‘nt
1783 2614 1899 2653 haec:

666 2685 745 2722 Esi
769 2705 823 2712 —
849 2686 911 2722 exi
936 2704 991 2713 —
1016 2685 1230 2722 exeundum
1257 2697 1312 2723 rs.
1340 2688 1391 2733 1.‚

664 2759 847 2794 rationem
873 2758 1043 2802 reddam,
1066 2758 1306 2796 stimulorum
1332 2772 1444 2810 seges
1470 2771 1524 2798 vs.
1551 2762 1605 2806 6.,

663 2831 826 2869 scelesta
851 2831 932 2868 sola
957 2842 1086 2868 aecum
1111 2843 1166 2868 vs.
1198 2831 1273 2878 1³„

664 2902 802 2943 dedam
827 2904 1051 2955 discipulam
1076 2916 1131 2943 va.
1157 2904 1238 2953 2⁰„
