2360 3050
742 215 840 271 De
883 215 1189 270 canticis
1225 216 1653 273 Aululariae.

281 384 382 435 Quid
408 385 555 423 cantica
581 384 658 423 sint
682 384 723 423 in
749 385 957 423 comoediis
982 384 1109 424 Plauti
1135 389 1176 424 et
1196 385 1379 433 Terentii,
1406 386 1559 425 edocuit
1574 385 1658 433 Vir,
1686 398 1800 437 quem
1826 387 1917 426 olim
1943 392 2230 440 praeceptorem

173 461 266 499 mihi
293 460 519 509 contigisse,
552 460 637 495 toto
655 460 822 508 'pectore
848 459 1048 509 animoque
1073 459 1196 497 adhuc
1223 460 1388 511 gaudeo,
1415 459 1665 499 Hermannm
1691 460 1901 511 Lipsiensis
1927 463 1967 500 in
1993 463 2229 501 dissertatio-

171 546 240 580 ne,
284 546 395 583 quam
430 544 528 569 anno
554 532 656 568 1811
687 525 806 569 edidit
833 532 884 570 de
910 534 1063 571 cantico
1088 534 1129 571 t’n
1154 533 1418 573 Romanorum
1433 534 1587 584 sabulis
1611 535 1795 580 scenicis,-
1845 535 1930 584 ipse
1955 536 2004 574 de
2029 537 2159 574 eadem
2186 547 2230 574 re

173 619 365 658 exponere
391 608 545 644 conatus
572 617 656 643 sum
683 605 813 642 libello
841 606 892 643 de
919 607 1069 644 actibus
1095 610 1136 645 et
1162 609 1286 645 scem's
1312 607 1419 659 apud
1449 607 1692 656 Terentium,
1734 608 1916 647 Gubenae
1942 609 2046 648 1813
2072 610 2230 660 scripto,

171 681 296 719 fusius
330 681 469 719 deinde
504 682 782 730 programmate
818 680 923 718 1824
948 680 1070 719 Halae
1095 681 1248 732 vulgato
1275 682 1325 720 de
1351 683 1513 721 canticis
1538 683 1579 721 in
1604 682 1866 721 Romanorum
1881 683 2037 732 sabulis
2061 685 2229 721 scenicis.

179 755 344 794 Cantica
369 754 577 792 fabularum
605 757 849 802 opponuntur
874 754 1067 799 diverbiis,
1095 755 1231 802 quibus
1257 755 1413 804 plures,
1441 755 1665 806 plerumque
1690 755 1767 794 duo
1792 757 1942 804 tresve,
1968 756 2008 794 in
2032 767 2146 795 scena
2170 757 2230 795 in-

171 834 234 868 ter
252 839 295 867 se
309 827 601 877 colloquuntur;
636 826 791 864 cantica
806 825 961 865 fuerunt
978 828 1192 876 soliloquia,
1221 841 1295 876 quo
1315 830 1464 866 nomine
1484 830 1540 866 uti
1556 830 1620 866 hie
1635 830 1762 875 liceat,
1789 829 1870 867 sive
1886 824 2105 879 μονῳδίαι,
2133 840 2231 878 quae

172 904 218 940 ab
244 902 432 939 histrione
459 911 534 937 non
559 900 743 937 recitante
768 899 904 947 verba,
941 900 1010 938 sed
1044 904 1196 938 tacente
1222 904 1262 938 et
1287 902 1537 957 gesticulante
1562 901 1816 948 saltabantur,
1852 902 1942 939 dum
1970 905 2229 952 argumentum

173 977 200 1013 i.
228 988 261 1013 e.
288 975 403 1012 verba
428 974 511 1023 ipsa
537 973 633 1010 alius
661 972 817 1010 canebat
842 973 922 1011 sive
948 977 1100 1011 cantans
1126 974 1328 1021 recitabat,
1366 978 1406 1013 et
1439 978 1644 1024 utrumque
1679 975 1875 1013 adiuvabat
1908 975 2049 1013 tibicen
2074 975 2227 1013 modos-

176 1063 253 1098 que
279 1052 393 1097 atque
419 1058 596 1084 numeros
622 1047 724 1083 tibiis
751 1047 932 1095 praeibat.
973 1047 1015 1085 In
1035 1048 1218 1085 eiusmodi
1245 1047 1398 1085 canticis
1424 1048 1684 1086 vehementior
1709 1047 1781 1085 fuit
1805 1059 1932 1086 rerum
1960 1051 1999 1085 et
2024 1048 2230 1085 animorum

174 1123 361 1170 simulque
395 1123 603 1158 metrorum
638 1122 764 1157 motus
796 1122 837 1157 et
861 1120 1042 1158 incitatio.
1096 1121 1201 1168 Quae
1229 1121 1380 1169 quidem
1407 1122 1439 1158 si
1465 1122 1505 1159 in
1532 1122 1617 1159 istis
1644 1121 1784 1159 libellis
1809 1133 1900 1159 vere
1926 1121 2115 1171 disputata
2142 1126 2231 1159 sunt

172 1196 222 1234 de
249 1196 480 1233 canticorum
506 1192 636 1230 indole
663 1195 704 1230 et
729 1195 880 1239 natura,
924 1193 1025 1241 quod
1052 1193 1107 1230 ita
1133 1205 1220 1231 esse
1247 1205 1293 1231 eo
1320 1194 1438 1242 magis
1465 1194 1623 1230 credere
1648 1193 1762 1239 licet,
1797 1205 1882 1230 cum
1908 1197 2079 1231 veterum
2105 1205 2230 1244 gram-

175 1270 412 1312 maticorum,
439 1265 634 1302 Diomedis
663 1267 703 1302 et
729 1263 879 1311 Donati,
908 1265 975 1314 qui
1002 1264 1225 1303 Terentium
1251 1267 1521 1315 interpretatus
1550 1270 1634 1312 est,
1660 1267 1886 1303 testimoniis
1912 1267 2081 1303 nitantur
2107 1270 2147 1304 et
2173 1268 2232 1305 in-

179 1342 229 1379 de
256 1340 420 1389 repetita
448 1339 536 1382 sint,
564 1337 604 1374 in
630 1337 825 1375 Aulularia
851 1338 923 1374 tria
950 1340 1093 1375 tantum
1120 1338 1335 1377 istiusmodi
1362 1340 1518 1377 cantica
1545 1351 1630 1378 esse
1655 1339 1842 1385 videntur,
1868 1339 1908 1385 3,
1935 1341 1982 1385 13
2034 1341 2077 1386 4,
2104 1341 2151 1384 13
2193 1341 2232 1384 4,

172 1417 213 1454 9.
242 1414 354 1457 (edit.
381 1409 658 1462 Taubmann.);
710 1411 876 1448 fortasse
917 1412 1056 1448 addere
1080 1414 1283 1460 possumus
1309 1411 1350 1456 8,
1375 1412 1436 1458 4„
1475 1412 1541 1449 ubi
1566 1411 1703 1449 Euclio
1729 1412 1989 1449 vehementius
2015 1415 2140 1449 motus
2168 1416 2227 1449 te-

177 1486 368 1525 trametris
403 1484 530 1521 troch.
566 1484 699 1529 catal.,
736 1494 834 1531 quae
870 1483 994 1520 animo
1031 1485 1147 1521 sentit
1181 1485 1396 1533 agitatque,
1429 1484 1468 1522 in
1501 1484 1664 1522 medium
1688 1484 1851 1534 profert.
1903 1484 1961 1523 De
1988 1485 2071 1523 aliis
2098 1486 2235 1531 scenis,

174 1572 269 1610 quas
297 1558 441 1597 cantica
468 1568 556 1595 esse
580 1556 747 1594 fortasse
772 1558 987 1605 putaveris,
1015 1560 1059 1593 ut
1086 1560 1192 1594 actus
1219 1557 1375 1595 secundi
1402 1558 1619 1607 septimam,
1647 1561 1837 1606 octavam,
1872 1569 2028 1605 nouam,
2064 1562 2104 1596 et
2131 1563 2234 1596 octa-

171 1646 256 1673 vam
283 1635 389 1671 actus
419 1630 566 1680 quarti,
595 1632 655 1668 est
681 1629 784 1678 quod
810 1629 919 1668 valde
946 1630 1142 1667 dubitetur
1168 1630 1305 1677 partim
1330 1632 1442 1667 metri
1470 1642 1602 1675 causa,
1638 1631 1777 1678 partim
1805 1630 1908 1678 quod
1934 1642 2010 1667 non
2035 1631 2137 1668 inest
2162 1631 2235 1669 nisi

175 1707 345 1746 sedatior
369 1703 551 1742 narratio.
603 1702 660 1739 Ita
686 1701 736 1739 de
762 1701 915 1741 canticis
940 1701 1055 1740 huius
1084 1701 1235 1750 quidem
1262 1701 1413 1741 fabulae
1437 1702 1496 1740 uti
1521 1714 1644 1749 nunc,
1681 1703 1735 1740 ita
1761 1703 1835 1740 iam
1862 1702 1953 1740 olim
1979 1705 2114 1750 statui,
2150 1715 2236 1742 cum

174 1773 278 1819 edidi
303 1778 472 1816 libellum
499 1775 550 1813 de
575 1776 749 1813 canticis.

284 1904 343 1941 Ah
376 1903 450 1940 ista
484 1903 611 1938 tamen
643 1899 753 1950 lege,
795 1910 869 1949 qua
895 1899 1103 1938 secundum
1130 1899 1393 1949 grammaticos
1418 1901 1569 1936 veteres
1596 1899 1740 1938 cantica
1764 1899 1948 1938 nominari
1972 1901 2117 1938 tantum
2144 1911 2235 1951 pos·

178 1980 270 2016 sunt
296 1968 543 2024 μονολογίαι
568 1973 650 2012 sive
672 1966 899 2024 μονῳδίαι,
924 1985 1049 2023 nuper
1074 1973 1166 2011 abiit
1180 1973 1253 2011 Vir
1267 1973 1532 2020 Doctissimus,
1557 1972 1860 2021 Lindenmnnua,
1888 1973 1953 2023 qui
1977 1972 2102 2011 Plauti
2126 1973 2235 2012 fabu-

174 2054 231 2090 las
268 2050 358 2088 inde
392 2048 438 2086 ab
473 2058 570 2086 anno
607 2046 713 2085 1830
749 2046 867 2085 edere
901 2047 1028 2096 coepit
1067 2046 1165 2096 apud
1194 2045 1461 2093 Teubnerum3
1514 2047 1554 2085 in
1579 2046 1644 2085 illa
1671 2047 1838 2085 etlitione
1864 2048 2009 2085 cantica
2033 2035 2236 2086 nominavit

176 2126 292 2164 etiam
318 2133 475 2168 scenas,
510 2122 551 2159 in
578 2120 715 2171 quibus
742 2123 805 2159 est
829 2120 1094 2159 vehementior
1119 2121 1327 2160 animorum
1353 2124 1500 2168 motus,
1540 2124 1582 2160 et
1606 2121 1725 2160 maior
1750 2121 2012 2171 rhythmorum
2038 2134 2234 2161 versuum·

178 2212 254 2248 que
280 2198 467 2242 varietas,
494 2197 533 2234 in
561 2196 697 2245 quibus
726 2197 852 2232 autem
878 2206 955 2233 non
981 2206 1101 2241 unus,
1139 2195 1207 2232 sed
1235 2195 1311 2233 duo
1337 2195 1516 2244 pluresve
1541 2196 1642 2233 inter
1666 2207 1709 2233 se
1735 2195 2014 2245 colloquuntur.
2066 2196 2121 2233 Ita
2148 2208 2234 2234 can-

176 2259 295 2312 ticum
331 2281 419 2309 esse
444 2269 569 2308 voluit
597 2268 807 2307 Trinumm.
832 2268 876 2316 a,
903 2268 962 2315 2.,
996 2269 1062 2307 ubi
1088 2267 1220 2306 Philto
1247 2272 1288 2306 et
1312 2268 1524 2319 Lysiteles,
1561 2268 1708 2319 σιμὴ.
1735 2269 1773 2316 2,
1802 2269 1860 2315 1.‚
1896 2268 1963 2307 ubi
1987 2267 2236 2315 Philocrates,

178 2346 383 2397 Tyndarus
410 2346 451 2382 et
476 2342 648 2388 Lorarii,
682 2341 872 2391 Amphitr.
900 2343 938 2388 1,
967 2342 1024 2386 1.‚
1060 2341 1124 2378 ubi
1151 2341 1261 2379 Sosia
1288 2345 1328 2379 et
1352 2342 1569 2380 Mercurius
1594 2342 1695 2380 inter
1721 2353 1766 2380 se
1792 2342 1917 2380 acrius
1944 2341 2235 2392 colloquuntur-3

177 2420 402 2458 alacriorem
437 2415 616 2454 videlicet
650 2415 860 2454 animorum
885 2418 1029 2454 motum
1055 2426 1311 2463 versuumque
1335 2415 1555 2453 varietatem
1579 2416 1835 2463 maioremque
1860 2415 1973 2452 metri
1998 2414 2235 2453 insolentiam

176 2496 332 2531 secutus
367 2494 441 2529 eat.
493 2489 572 2527 Sed
607 2500 693 2527 cum
726 2488 780 2526 ita
814 2488 978 2526 animum
1004 2487 1194 2526 induxerit
1219 2486 1291 2526 Vir
1315 2488 1381 2527 ille
1407 2487 1678 2534 Doctissimus,
1714 2488 1780 2536 qui
1804 2487 1944 2525 factum
1971 2491 2053 2533 est,
2089 2492 2133 2524 ut
2158 2500 2234 2526 non

177 2567 223 2605 ab
251 2565 386 2604 eodem
411 2564 452 2601 in
477 2562 753 2611 Amphitruone
778 2561 933 2599 canticis
959 2561 1201 2599 adnumerata
1227 2561 1278 2599 sit
1304 2572 1416 2600 scena
1441 2561 1514 2600 ista
1540 2560 1703 2600 secunda
1728 2563 1834 2599 actus
1861 2560 2029 2607 secundi,
2053 2561 2117 2598 ubi
2141 2562 2232 2600 Alc-

177 2651 309 2684 mena,
335 2636 567 2686 Amphitruo
596 2638 637 2673 et
661 2634 772 2673 Sosia
795 2634 1059 2673 vehementius
1086 2646 1161 2672 non
1188 2635 1300 2672 modo
1328 2635 1504 2673 commoti
1531 2639 1640 2682 sunt,
1678 2633 1748 2672 sed
1774 2634 1887 2673 etiam
1912 2633 2013 2673 inter
2039 2646 2082 2671 se
2106 2635 2234 2672 rixan-

177 2717 256 2759 tur,
283 2709 472 2759 simmque
497 2708 646 2747 numeri
673 2710 763 2746 sunt
788 2709 883 2746 varii
910 2712 952 2747 et
978 2708 1211 2746 alacriores?
1262 2707 1463 2757 Equidem,
1490 2711 1532 2745 ut
1557 2708 1678 2746 libere
1702 2708 1836 2755 dicam,
1863 2706 1967 2757 quod
1992 2706 2129 2755 sentio,
2156 2719 2235 2746 non

179 2796 333 2835 possum
370 2782 462 2833 quin
499 2780 636 2819 dubius
669 2780 877 2829 haesitem,
912 2793 1002 2821 num
1037 2781 1141 2820 abire
1175 2781 1287 2820 liceat
1321 2783 1367 2820 ab
1402 2782 1471 2829 iis,
1508 2794 1606 2830 quae
1632 2781 1799 2819 severius
1826 2780 1876 2818 de
1901 2781 2055 2818 canticis
2081 2786 2235 2819 monent

180 2858 493 2908 praecipiuntque
527 2857 678 2891 veteres
714 2855 967 2904 grammatici5
1021 2865 1179 2904 quorum
1214 2866 1357 2893 summa
1391 2867 1439 2894 eo
1474 2854 1595 2902 redit,
1631 2857 1674 2893 ut
1707 2854 1912 2904 soliloquia
1945 2857 2091 2902 tantum
2115 2855 2234 2892 velint

180 2943 267 2972 esse
292 2931 447 2969 cantica.
499 2928 558 2967 Ab
584 2928 706 2967 altera
729 2932 854 2967 tamen
883 2932 992 2977 parte
1017 2929 1119 2967 idem
1144 2928 1333 2975 concedo,
1359 2939 1446 2966 meo
1473 2939 1626 2977 quoque
1652 2927 1774 2966 animo
1801 2926 1888 2978 plus
1915 2926 2034 2967 semel
2056 2927 2230 2966 obversa·
