2360 3050
1147 77 1197 120 11

146 213 365 263 quae-flunt.
382 210 423 260 in
448 207 707 260 ipso-fabula„
746 205 883 254 Neque
908 207 1045 250 tamen,
1074 205 1164 253 quid
1191 204 1475 242 existimandum
1501 204 1551 241 sit
1577 204 1625 242 de
1651 204 1722 243 hac
1747 207 1947 252 sententia,
1973 207 2079 257 prius
2097 207 2198 247 (liza.

144 286 262 326 dicari
282 286 443 335 poterit,
472 296 582 332 quam
606 283 681 319 iste
706 281 802 318 liber
828 279 1078 317 mss-iterum
1103 279 1276 317 inventus
1304 281 1588 328 accuratiusque
1613 279 1731 318 fuerit
1754 281 1959 330 inspectus.

250 358 328 398 Sed
355 359 467 396 liceat
492 357 558 395 hic
585 355 760 401 adiicere,
784 365 887 403 quae
912 352 1007 391 mihi
1032 352 1207 393 videntur

182 450 279 505 De
317 450 557 504 titulis
596 438 983 527 ceterarum
1020 445 1410 523 fabularum
1442 445 1712 514 Plauti,
1751 460 1918 516 quos
1955 465 2086 501 nou
2121 465 2158 502 a

350 544 603 596 Plauto
641 533 1009 611 profectos
1048 558 1200 593 esse
1238 540 1646 610 suspicatur
1682 541 1992 594 RostiuS.

251 647 439 686 Similiter
466 648 565 686 enlm
585 647 780 685 Asinariae
805 645 953 682 titulum
981 656 1111 684 verum
1139 658 1226 684 esse
1250 646 1389 683 iudico.
1443 646 1665 695 Quanquam
1693 646 1791 685 enim
1818 647 1911 685 satis
1939 645 2060 685 flacilis
2087 649 2200 697 atque

149 722 345 765 commoda
373 725 433 761 est
457 722 629 768 mutatio,
657 733 730 770 qua
756 720 912 758 Rostius
939 720 1037 770 prol.
1063 732 1139 758 vss.
1167 719 1363 759 10-132

662 782 713 821 -Ῐ
741 794 840 831 Huic
866 806 1001 831 nomen
1030 798 1089 831 est
1116 806 1251 844 graece
1276 794 1426 843 Onagos
1450 793 1612 840 fabulae,

660 867 907 915 Demophilus
935 869 1108 916 scripsit3
1162 868 1315 905 Marcus
1344 868 1459 904 vortit
1485 868 1663 913 barbare3

663 941 871 978 Asinariam
897 941 978 979 volt
1005 953 1103 986 esse,
1132 941 1165 978 si
1192 953 1262 990 per
1288 953 1354 978 vos
1382 941 1487 986 licet,

145 1025 219 1063 pro
246 1012 358 1051 soem.
386 1012 612 1049 Asinariam
638 1014 790 1050 mascul.
818 1013 1045 1050 Asinariam
1072 1014 1187 1050 scribi
1222 1014 1381 1058 mavult,
1418 1013 1491 1049 hoc
1518 1016 1643 1049 tamen
1669 1016 1801 1061 patet,
1835 1023 1910 1050 non
1937 1013 1982 1050 ab
2009 1013 2198 1062 Agasone,

147 1087 217 1125 sed
251 1099 273 1124 a
308 1086 523 1123 venditione
558 1087 745 1122 asinorum
782 1088 989 1134 pretioque
1023 1086 1186 1127 fabulam
1222 1098 1309 1123 esse
1351 1086 1586 1122 nominatam.
1645 1078 1817 1135 Ὀνήγου
1852 1087 1931 1123 sive
1963 1087 2129 1123 Asinarii
2161 1087 2200 1124 iu

144 1159 271 1197 Plauti
315 1159 463 1206 quidem
492 1158 615 1194 fabula
641 1159 771 1195 nullibi
799 1163 858 1195 est
883 1160 1037 1196 mentio.
1093 1159 1218 1195 Etiam
1245 1159 1308 1195 illa
1335 1160 1384 1195 de
1410 1171 1520 1195 causa
1545 1159 1666 1195 minus
1691 1160 1910 1206 putaverim,
1936 1159 2087 1195 titulum
2113 1159 2199 1196 Asi·

146 1233 275 1270 uariae
313 1243 399 1268 esse
435 1231 703 1276 adulterinum,
740 1232 841 1279 quod
877 1244 1011 1279 parum
1044 1232 1139 1268 haec
1165 1232 1292 1269 fabula
1319 1232 1525 1279 antiquitus
1553 1232 1777 1280 interpolata
1803 1232 1925 1268 fuisse
1951 1232 2120 1277 videtur,
2159 1232 2200 1269 id

148 1304 253 1354 quod
283 1304 473 1342 coniicere
500 1303 590 1340 licet
616 1316 663 1341 ex
689 1316 749 1350 eo,
779 1304 881 1352 quod
909 1305 1007 1354 apud
1035 1306 1294 1353 grammaticos
1321 1309 1474 1354 praeter
1501 1305 1596 1343 duos
1623 1316 1699 1343 nou
1724 1303 1902 1354 leguntur
1927 1316 2074 1352 versus,
2104 1316 2200 1354 quos

149 1378 190 1417 iu
217 1377 357 1424 fabula,
386 1376 506 1426 qualis
534 1377 648 1415 hodie
676 1377 830 1426 legitur,
861 1389 937 1414 uon
963 1377 1147 1426 reperias.

257 1451 369 1499 Quod
396 1462 510 1499 porro
539 1451 682 1487 dubitat
703 1450 870 1496 nostias,
897 1453 1051 1487 rectene
1077 1450 1215 1487 habeat
1241 1450 1372 1487 titulus
1395 1450 1642 1497 Cistellariae,
1667 1450 1709 1487 id
1735 1450 1888 1498 quidem
1915 1460 1962 1487 eo
1987 1449 2109 1487 minus
2135 1460 2202 1488 cu-

145 1523 305 1562 randum
331 1524 493 1568 videtur,
521 1535 604 1559 cum
632 1524 723 1559 nihil
751 1535 841 1560 sane
867 1524 1058 1572 impediat,
1087 1524 1177 1570 quin
1205 1524 1325 1570 ipsam
1352 1525 1515 1570 puellam
1543 1525 1624 1562 sive
1650 1525 1819 1562 ancillam
1845 1524 2113 1572 intelligamus,
2139 1524 2201 1560 cui

150 1596 350 1641 cistellam,
376 1596 415 1632 in
444 1607 518 1643 qua
544 1596 748 1643 crepundia
773 1596 912 1640 insunt,
947 1595 1121 1631 servandi
1147 1606 1238 1631 cura
1263 1594 1437 1641 imposita
1463 1600 1534 1634 est.
1588 1597 1699 1640 Quod
1726 1595 1825 1630 enim
1850 1595 1923 1631 ista
1949 1596 2083 1633 ancilla
2108 1597 2201 1633 ami·

151 1672 253 1706 serat
279 1668 474 1712 cistellam,
503 1680 612 1715 quam
640 1669 811 1703 amissam
837 1670 956 1703 mater
982 1667 1145 1715 puellae,
1173 1666 1278 1703 cuius
1306 1666 1511 1714 crepundia
1537 1666 1576 1702 in
1602 1666 1666 1702 illa
1692 1666 1850 1712 inerant,
1882 1667 2019 1704 deinde
2047 1669 2200 1714 invenit,

151 1751 198 1778 cx
231 1740 303 1776 hac
338 1739 420 1786 ipsa
450 1750 496 1775 re
521 1738 706 1786 plurimae
733 1739 905 1775 oriuntur
931 1739 1084 1784 turbae,
1122 1750 1220 1786 quae
1248 1741 1336 1774 sunt
1364 1742 1626 1787 argumentum
1653 1738 1812 1775 fabulae.
1867 1738 1999 1788 Itaque
2027 1740 2202 1779 cistella-

151 1814 207 1850 ria
233 1813 298 1849 hic
325 1814 456 1860 potest
483 1812 639 1859 cogitari
666 1812 810 1856 ancilla,
838 1823 934 1858 quae
962 1811 1171 1848 Trinumm.
1198 1811 1236 1855 2,
1265 1812 1302 1855 1,
1330 1811 1383 1846 23
1410 1812 1629 1847 cistellatrix
1655 1815 1821 1847 vocatur.

259 1883 317 1920 De
354 1882 589 1920 Mostellaria
615 1886 737 1919 autem
761 1885 805 1919 ut
831 1883 984 1929 addam,
1024 1883 1125 1932 quod
1153 1883 1215 1920 alii
1242 1884 1314 1920 iam
1341 1883 1534 1930 viderunt,
1576 1887 1617 1920 ut
1644 1882 1725 1921 Nic.
1754 1883 1916 1921 Loeusis
1943 1884 2137 1935 Epiphyll.
2163 1885 2203 1931 5,

152 1957 207 1996 2⁰
234 1960 274 1995 et
301 1955 479 1995 Gulielm.
509 1956 662 2004 Quaest.
689 1956 828 2002 Plaut.,
857 1956 1012 1994 eandem
1039 1956 1175 1994 dictam
1203 1967 1288 1994 esse
1314 1955 1497 2002 Phasma,
1534 1956 1572 1993 id
1599 1968 1730 1994 verum
1758 1960 1828 1995 est.
1883 1958 1987 2004 Quos
2015 1959 2114 1996 enim
2142 1959 2203 1997 lo-

105 2048 107 2050 ·
151 2042 218 2069 cos
235 2031 329 2067 duos
347 2041 393 2066 ex
410 2029 626 2075 Phasmate,
652 2033 694 2066 ut
715 2029 857 2066 diserte
875 2029 1037 2075 additur,
1065 2033 1209 2066 sumtus
1227 2029 1366 2066 Festus
1383 2030 1508 2066 laudat
1527 2030 1596 2066 sub
1615 2041 1696 2066 voc.
1714 2042 1784 2067 nec
1802 2031 1943 2079 (Apud
1960 2030 2147 2068 Plautum
2162 2033 2202 2069 in

151 2103 384 2142 Phasmate.-
409 2101 458 2138 N
458 2114 509 2139 ec
533 2106 674 2140 recte
699 2103 744 2139 si
770 2103 854 2139 illi
879 2102 931 2139 di
938 2104 1048 2140 seri
1054 2102 1090 2150 s)
1110 2106 1149 2140 et
1168 2103 1236 2140 sub
1254 2114 1336 2140 voc.
1353 2104 1562 2152 superescit
1582 2099 1770 2153 (Plautus
1787 2104 1826 2140 in
1841 2103 2074 2142 Phasmate:
2101 2104 2204 2142 Ehe

155 2176 360 2232 tarzkdlem
379 2176 609 2225 percipio
631 2187 774 2225 super
797 2175 944 2212 rebus
965 2177 1158 2213 nostris
1182 2176 1322 2225 loqui
1341 2173 1423 2225 te),
1441 2176 1802 2225 hiladliucleguntur
1815 2176 2031 2216 iuMostell.
2047 2177 2149 2223 1‚83
2165 2182 2205 2216 et

156 2250 197 2296 8,
223 2250 263 2296 2,
290 2248 343 2285 38
371 2252 411 2285 et
438 2248 502 2284 39.
555 2248 769 2285 Binomines
796 2248 895 2284 haud
921 2260 1059 2297 paucas
1085 2248 1206 2285 fuisse
1232 2248 1374 2285 fabulas
1398 2251 1478 2284 tum
1505 2249 1604 2296 apud
1630 2249 1831 2295 Romanos,
1858 2253 1935 2286 tum
1963 2251 2063 2299 apud
2082 2251 2202 2289 Grae-

158 2334 244 2369 cos,
280 2321 378 2359 infra
402 2320 622 2358 videbimus.
677 2321 901 2368 Quaeritur,
933 2324 1059 2358 utrum
1087 2322 1215 2368 ambo,
1250 2334 1295 2359 an
1323 2334 1434 2358 unum
1461 2321 1572 2359 modo
1600 2332 1735 2359 nomen
1761 2321 1895 2359 Plauto
1923 2322 2058 2360 debeat
2084 2324 2203 2373 origi-

157 2409 255 2435 nem.
290 2395 469 2443 Prologo,
499 2406 573 2442 quo
594 2394 679 2431 alibi
700 2394 747 2430 de
762 2394 821 2431 his
839 2395 953 2432 rebus
970 2395 1162 2440 docemur,
1190 2399 1293 2432 caret
1305 2395 1399 2431 haec
1412 2395 1546 2431 sabula.
1581 2394 1657 2431 Sed
1674 2395 1712 2431 ni
1731 2396 1853 2431 omnia
1867 2407 1928 2432 me
1944 2396 2091 2442 fallunt,
2118 2409 2203 2434 cum

154 2469 270 2507 latine
297 2467 500 2505 studiosius
527 2470 676 2503 vertere
703 2466 823 2504 soleat
839 2466 995 2505 Plautus
1024 2468 1172 2505 nomina
1203 2479 1417 2516 graecarum
1443 2467 1663 2514 fabularum,
1691 2478 1782 2516 quas
1809 2468 1974 2506 imitatus
2000 2472 2086 2507 ante
2110 2480 2202 2507 ocu·

155 2543 214 2579 los
240 2538 433 2588 habuit*),
462 2539 634 2587 equidem
662 2551 736 2575 non
763 2551 930 2593 possum,
959 2541 1050 2588 quin
1078 2552 1161 2577 cum
1178 2540 1328 2577 Osanno
1346 2539 1441 2577 Viro
1465 2540 1522 2576 cl.
1549 2544 1693 2589 putem,
1720 2540 1992 2578 Mostellariam
2019 2553 2106 2580 esse
2132 2553 2202 2581 no-

156 2616 330 2651 minatam
356 2626 378 2650 a
403 2613 539 2649 Plauto
574 2616 613 2648 et
648 2625 783 2648 nomen
810 2612 978 2648 Phasma
1004 2614 1163 2660 posthac
1191 2615 1230 2649 in
1256 2626 1365 2649 usum
1392 2614 1560 2657 venisse,
1599 2625 1683 2649 cum
1710 2613 1867 2649 Romani
1907 2616 2053 2662 graecis
2080 2616 2202 2652 literis

158 2686 275 2735 magis
303 2685 447 2723 assueti
475 2696 608 2734 graeca
634 2687 776 2723 tantum
803 2697 927 2723 amare
954 2686 1189 2734 coepissent,
1225 2689 1269 2722 ut
1297 2686 1409 2723 etiam
1435 2685 1640 2723 fabularum
1667 2685 1815 2723 nomina
1837 2698 1973 2735 graeca
1999 2699 2085 2724 esse
2110 2686 2202 2725 mal·

160 2759 264 2806 lent,
292 2770 403 2808 quam
429 2757 566 2804 latina3
621 2769 730 2808 quam
758 2758 909 2809 quidem
935 2759 975 2799 in
1000 2762 1161 2799 aetatem
1187 2759 1391 2798 Terentius
1417 2758 1568 2807 incidit,
1604 2759 1666 2809 qui
1695 2771 1739 2799 ea
1763 2759 1846 2811 ipsa
1872 2760 1922 2799 de
1947 2772 2056 2800 causa
2082 2760 2202 2799 nomi·

200 2913 237 2954 ⁶)
259 2911 331 2945 vid.
353 2912 434 2953 prol.
457 2911 545 2946 Asin.
567 2915 608 2946 10
629 2915 664 2946 et
684 2916 744 2953 113
785 2913 853 2946 Mil.
876 2913 967 2947 Glor.
987 2917 1020 2955 2,
1043 2917 1074 2954 1,
1097 2917 1137 2955 93
1179 2914 1314 2948 Mercat.
1337 2917 1368 2955 1,
1392 2917 1422 2955 1,
1444 2917 1465 2947 9
1486 2918 1521 2947 et
1541 2917 1592 2947 10.

1909 2979 1936 3017 2
1963 2978 1984 3002 ηε
