2360 3050
1148 129 1201 169 18

145 264 236 311 μὴ
286 271 336 298 ne
361 259 478 297 latine
504 259 654 308 quidem
680 258 915 308 praepositio
942 270 1028 295 cum
1053 258 1107 295 ita
1133 259 1223 307 poni
1250 241 1392 307 potest.
1444 247 1618 303 ¹Accedit,
1652 259 1754 307 quod
1782 252 1920 296 κάσσα
1948 262 2008 295 est
2035 262 2205 297 scortum

146 337 187 372 et
212 334 326 371 sicuti
344 331 383 384 *)
420 346 442 371 a
476 326 581 385 κόρα
617 332 874 369 diminutivum
909 332 955 368 fit
988 325 1178 383 κόριννα,
1218 333 1271 368 ita
1308 324 1449 367 κάσσα
1482 332 1675 368 transiisse
1704 333 1854 369 videtur
1880 334 1918 369 iu
1947 331 2205 372 diminutivum

147 401 318 450 κάσινα,
357 407 462 444 cuius
498 406 704 455 penultima
737 408 860 443 tamen
894 406 1035 454 ubique
1069 416 1094 441 a
1124 405 1258 443 Plauto
1294 406 1509 454 corripitur.
1564 406 1684 442 Recte
1709 407 1847 455 igilur,
1890 418 2002 454 quem
2036 406 2100 443 alii
2132 407 2206 444 iam

145 481 268 518 secuti
302 483 388 517 suut
422 480 673 528 interpretes,
709 479 784 516 lan.
820 478 947 516 Dousa
981 479 1094 515 verba
1129 491 1215 516 cum
1251 479 1424 515 latranti
1454 480 1605 516 nomine
1641 479 1771 516 retulit
1805 479 1851 515 ad
1894 491 2030 516 nomen
2066 479 2205 525 Plauti,

147 562 282 603 quem,
320 554 385 601 qui
421 554 620 602 prologum
656 552 918 600 interpolavit,
961 553 1139 589 insulsius
1178 553 1242 589 hic
1269 553 1517 589 deridendum
1545 554 1756 600 proposuit.
1811 552 1952 589 Sensus
1979 553 2096 601 igitur
2122 557 2203 590 este

146 653 175 673 „
191 625 371 671 Plautus,
413 627 472 662 cui
500 631 558 662 est
585 627 724 662 latrans
752 637 899 661 nomen.
918 627 943 645 ‘⁴
997 626 1136 662 Festus
1164 627 1261 663 enim
1290 627 1401 662 dicit:
1458 626 1517 662 Pl
1527 627 1636 662 auti
1661 627 1912 675 appellantur
1938 637 2075 672 canes,
2112 638 2204 674 quo·

146 710 235 736 rum
268 709 384 735 aures
418 698 632 747 languidae
665 701 756 734 sunt
793 702 835 734 et
861 697 1059 743 flaccidae
1095 703 1136 735 et
1175 699 1295 735 latius
1329 698 1511 735 videntur
1541 702 1683 747 patere
1715 699 1807 744 (vid.
1835 698 2064 735 Taubmanu.
2092 697 2203 743 not.)-

147 770 281 819 ltaque
301 770 456 806 Plautus
476 771 629 818 quidem
655 770 837 806 nominari
865 770 984 806 voluit
1010 771 1106 807 hanc
1133 771 1294 808 fabulam
1324 770 1554 816 Sortientes,
1584 775 1626 806 ut
1654 771 1795 818 ubique
1821 771 1936 807 latine
1964 774 2115 808 vertere
2140 781 2205 808 so·

146 843 204 882 let
229 856 363 893 graeca
389 844 561 887 nomina3
620 844 688 881 sed
715 844 829 891 periit
855 847 989 890 postea
1016 847 1056 880 et
1083 845 1267 881 obsolevit
1293 845 1404 891 plane
1432 844 1495 880 bic
1523 845 1670 888 titulus,
1699 846 1752 880 ita
1780 849 1822 880 ut
1850 856 2032 891 nusquam
2058 855 2203 881 memo-

149 919 277 963 retur,
313 920 373 963 et,
410 928 506 965 quae
540 915 612 952 fuit
647 915 796 953 lascivia
822 914 1096 963 Romanorum,
1139 918 1204 966 qui
1239 916 1309 954 hae
1344 916 1468 954 fabula
1507 917 1607 953 haud
1635 917 1747 954 dubie
1775 917 1883 954 valde
1909 917 2207 963 delectabantur,

150 989 443 1036 nominatimque
479 1001 640 1036 persona
668 990 847 1033 Catinae,
884 1002 1093 1037 quanquam
1130 1002 1178 1025 ne
1213 990 1340 1037 prodit
1376 990 1526 1037 quidem
1561 991 1600 1025 in
1628 1002 1801 1035 scenam,
1844 992 1943 1038 capti
1968 990 2207 1035 tenebantur,

149 1065 282 1099 vocata
308 1065 368 1099 est
396 1061 541 1098 Casina.
595 1062 705 1109 Quod
732 1065 867 1108 tamen,
895 1074 944 1099 ne
972 1063 1061 1110 quid
1088 1063 1290 1110 reticuisse
1316 1062 1458 1107 videar,
1486 1063 1524 1098 in
1551 1062 1680 1098 libello
1708 1064 1796 1108 isto,
1830 1064 1894 1111 qui
1921 1067 1980 1099 est
2006 1063 2207 1111 Pomponii

152 1134 262 1174 Festi
297 1135 527 1184 grammatici
562 1135 611 1173 de
646 1135 921 1184 significatione
955 1136 1174 1181 verborum,
1218 1135 1397 1185 leguntur
1433 1136 1550 1173 haec:
1605 1165 1630 1182 „
1656 1136 1835 1173 Casinam
1861 1136 2020 1173 fabulam
2047 1136 2206 1174 Plautus

153 1207 380 1257 „inscripsit
408 1208 453 1245 ab
481 1207 637 1245 ancillae
663 1209 812 1246 nomine
840 1208 986 1256 Casina,
1016 1220 1125 1258 quam
1153 1209 1266 1246 amari
1293 1220 1314 1246 a
1341 1220 1432 1246 sene
1459 1209 1706 1255 introduxit,“
1735 1221 1781 1247 ex
1809 1210 1856 1248 iis
1883 1209 1934 1247 nil
1962 1209 2059 1247 sumi
2086 1220 2204 1259 posse

151 1286 258 1331 puto,
287 1293 361 1329 quo
389 1281 455 1317 illa
482 1283 667 1317 sententia
694 1283 947 1329 impugnetur.
1002 1283 1087 1328 Quo
1116 1283 1213 1317 euim
1240 1286 1414 1329 tempore
1439 1282 1576 1318 Festus
1603 1283 1768 1330 scripsit,
1798 1283 1898 1317 haud
1927 1283 2040 1318 dubie
2069 1286 2205 1330 quarto

151 1355 282 1392 seculo
309 1368 346 1403 p.
375 1354 466 1391 Chr.
494 1367 552 1399 n.,
580 1366 691 1390 nemo
717 1355 840 1391 adhuc
866 1355 1136 1401 suspicabatur,
1166 1355 1266 1390 aliud
1294 1356 1509 1401 impositum
1537 1367 1623 1391 esse
1650 1366 1786 1391 nomen
1812 1367 1834 1391 a
1859 1355 2018 1399 Plauto3
2074 1366 2205 1402 quam·

156 1427 284 1467 obrem
312 1438 398 1466 cum
426 1426 509 1464 aliis
537 1440 559 1465 a
585 1426 720 1465 Plauto
746 1427 832 1475 ipso
861 1426 1034 1464 Casinam
1061 1426 1286 1463 nominatam
1313 1438 1400 1464 esse
1426 1428 1584 1475 putavit.

185 1563 482 1614 Militem
519 1563 1065 1630 gloriosumque
1102 1562 1296 1612 modo
1332 1562 1800 1614 nominaverit
1832 1559 2169 1613 Plautus?

262 1677 359 1712 Cum
396 1676 515 1711 semel
551 1677 599 1711 de
636 1676 760 1711 titulis
788 1675 1063 1710 comoediarum
1090 1673 1214 1708 Plauti
1242 1673 1431 1708 disserere
1458 1677 1673 1720 coeperim,
1710 1684 1828 1721 pauca
1854 1673 1993 1709 addere
2019 1674 2132 1710 liceat
2158 1674 2209 1712 de

152 1750 286 1793 titulo,
314 1750 378 1795 qui
406 1754 465 1784 est
491 1749 639 1784 fabulae
666 1748 800 1782 Militis
829 1747 999 1782 Gloriosi
1027 1747 1177 1781 nomine
1205 1747 1417 1792 inscriptae.
1471 1746 1715 1792 Inspiciamus
1744 1747 1965 1795 prologum,
1993 1747 2057 1795 qui
2083 1752 2144 1784 est
2169 1748 2209 1784 iu

152 1821 224 1861 hac
250 1819 375 1860 fabula
401 1806 507 1858 aetus
536 1820 689 1858 secundi
719 1831 830 1857 scena
857 1819 988 1867 prima.
1042 1798 1097 1856 lbi
1124 1818 1304 1867 leguntur
1329 1819 1501 1856 versibus
1527 1820 1566 1856 8.
1595 1823 1634 1856 et
1659 1820 1697 1857 9.
1723 1819 1841 1857 haec:

660 1895 843 1949 ,Ἀλάζων
871 1914 1006 1951 graece
1032 1902 1122 1940 huic
1148 1914 1283 1940 nomen
1311 1905 1369 1940 est
1395 1902 1636 1948 comoediae3

671 1975 713 2012 ld
740 1987 808 2013 nos
835 1975 952 2012 latine
980 1974 1196 2013 Gloriosum
1224 1974 1393 2013 dicimus.

261 2063 398 2102 Nonne
415 2063 584 2110 apparet,
612 2072 632 2097 a
652 2059 787 2097 Plauto
804 2059 1025 2096 nominatam
1045 2071 1131 2097 esse
1148 2058 1311 2097 fabulam
1327 2059 1554 2106 Gloriosum,
1584 2071 1661 2108 quo
1678 2059 1826 2098 nomine
1843 2063 2073 2098 memoratur
2088 2073 2111 2099 a
2122 2059 2207 2099 Pri-

159 2137 287 2176 sciauo
315 2136 394 2185 (ed.
419 2134 569 2180 Krehl.)
597 2145 681 2182 pag.
710 2132 815 2170 132⁴!
863 2132 938 2168 Sed
967 2144 1051 2170 cum
1077 2133 1216 2169 milites
1244 2133 1400 2181 gloriosi
1426 2133 1464 2170 in
1492 2133 1698 2170 comoediis
1723 2133 2032 2183 frequentissime
2058 2134 2097 2172 iu
2124 2146 2207 2174 sce—

159 2223 245 2249 nam
271 2204 663 2258 producerentur**),
698 2207 825 2253 ibique
851 2206 1012 2242 ludibrio
1040 2210 1152 2253 atque
1178 2207 1336 2242 ridiculo
1365 2210 1514 2251 essent,
1551 2207 1652 2243 haud
1680 2207 1793 2244 dubie
1820 2208 1925 2244 brevi
1952 2212 2042 2256 post
2068 2210 2208 2254 evenit,

102 2280 114 2295 ‘
159 2287 202 2322 ut
219 2280 466 2325 haec-fabula,
495 2291 604 2326 quam
626 2279 828 2326 antiquiori
846 2279 1082 2326 potissimum
1103 2282 1274 2327 tempore
1292 2279 1391 2326 apud
1409 2278 1596 2315 Romanos
1614 2279 1708 2316 istos
1725 2280 1984 2318 bellicosiores
2000 2282 2108 2318 valde
2126 2282 2207 2329 pla-

159 2355 286 2394 cuisse
314 2354 350 2391 in
379 2362 566 2405 scenaque
592 2350 828 2399 frequentius
856 2354 974 2388 actam
1001 2351 1124 2389 fuisse
1149 2350 1248 2388 haud
1275 2350 1520 2400 improbabile
1547 2354 1606 2388 est
1625 2348 1731 2402 ***),
1768 2352 1867 2390 dicta
1894 2353 1944 2391 sit
1971 2352 2085 2391 Miles
2114 2353 2208 2391 Glo-

157 2429 281 2465 riosus
308 2426 369 2462 vel
397 2425 536 2467 Miles;
589 2435 672 2459 nam
706 2423 780 2459 hoc
816 2436 969 2472 qnoque
1005 2425 1155 2460 nomine
1189 2425 1339 2472 saepius
1368 2436 1389 2460 a
1417 2424 1677 2461 Grammaticis
1715 2424 1912 2470 laudatum
1968 2427 2207 2473 quemadmo-

159 2500 252 2538 dum
278 2498 411 2537 eodem
437 2509 460 2536 a
486 2496 619 2543 Servio
647 2496 685 2535 iu
711 2495 866 2535 scholiis
893 2496 940 2535 ad
959 2495 1159 2548 Virgilium
1185 2496 1341 2535 adiectis
1367 2496 1467 2535 haud
1494 2496 1611 2535 semel
1633 2496 1945 2549 Pyrgopolinices
1970 2503 2139 2548 vocatur,
2166 2505 2209 2540 ut

201 2643 237 2685 *)
258 2642 330 2676 vid.
352 2641 515 2676 Matthiae·
529 2652 661 2685 gramm.
684 2642 744 2675 Gr.
765 2642 859 2684 ampl.
881 2643 910 2683 5.
934 2644 1006 2675 102.

202 2706 250 2745 ⁰)
274 2706 322 2737 Cf.
346 2705 469 2746 prolog.
495 2707 587 2747 Capt.
610 2715 653 2736 vs.
677 2708 728 2736 58.
752 2709 785 2736 et
806 2705 872 2736 Cic.
896 2704 936 2735 de
959 2705 1012 2737 off.
1036 2707 1065 2744 1,
1086 2707 1156 2744 384
1199 2704 1283 2737 idem
1305 2704 1401 2737 docet
1423 2704 1599 2746 Boettiger.
1623 2714 1748 2739 excurs.
1771 2705 1814 2747 11,
1843 2714 1939 2748 quem
1960 2705 2079 2740 adiecit
2100 2706 2209 2741 Novae

307 2757 456 2789 editionis
482 2758 551 2789 Ter.
574 2757 743 2798 specimini.
786 2757 873 2797 Lips.
899 2759 986 2789 1795.

203 2818 262 2860 m)
277 2819 409 2852 Militem
418 2819 599 2852 Gloriosum
615 2818 696 2852 haud
716 2819 826 2852 leviter
841 2819 1074 2861 interpolatioui
1091 2819 1153 2851 iam
1165 2819 1334 2860 antiquitus
1346 2819 1523 2861 expositum
1535 2818 1642 2858 fuisse,
1661 2819 1897 2862 intelligiturex
1905 2820 2045 2863 pluribus
2054 2821 2208 2860 versibus,

307 2881 389 2911 quos
410 2872 641 2912 Palimpsestus
663 2874 713 2903 ille
735 2873 959 2903 Ambrosianus
981 2871 1096 2909 habet,
1121 2877 1153 2903 et
1175 2873 1227 2911 qui
1250 2882 1332 2902 nuuc
1354 2872 1383 2902 in
1406 2873 1587 2912 vulgaribus
1611 2872 1715 2903 Plauti
1736 2874 1822 2904 libris
1844 2883 1908 2905 nou
1931 2875 2091 2914 leguntur.
2134 2873 2208 2905 Vid.

308 2922 429 2956 Osauni
452 2926 532 2957 anal.
557 2935 600 2957 cr.
625 2936 698 2967 pag.
721 2927 793 2957 215.
837 2924 915 2957 lude
945 2924 1135 2958 concludere
1157 2925 1249 2966 licet,
1280 2923 1477 2968 etiambanc
1498 2924 1637 2957 fabulam
1658 2926 1790 2960 multum
1811 2925 1908 2960 fuisse
1929 2928 1961 2961 iu
1981 2926 2125 2961 manibus
2146 2925 2208 2961 bo·

307 2976 437 3016 minum,
458 2977 510 3016 qui
531 2985 599 3009 rem
620 2977 777 3010 scenicam
798 2978 957 3010 amabant.
