2360 3050
1154 104 1209 141 24

224 231 322 286 De
360 226 617 283 duobus
654 226 822 281 istis
862 227 1288 308 carminibus
1324 226 1740 298 minoribus,
1778 229 2023 302 quibus
2060 233 2138 287 de
2202 265 2204 267 >

529 322 944 398 Aululariae
986 328 1396 394 argumento
1435 320 1833 394 exponitur.

259 460 320 499 De
347 462 573 509 argumento
599 458 815 496 Aululariae
843 470 1063 508 summaque
1089 460 1247 497 actionis
1274 472 1350 498 non
1377 462 1451 506 est,
1479 459 1580 508 quod
1608 459 1692 509 ipse
1718 460 1862 506 dicam3
1907 461 2049 510 quippe
2077 462 2125 499 de
2151 473 2213 499 ar·

153 537 333 585 gumento
361 534 455 575 satis
483 543 676 581 superque
702 532 746 569 ab
784 532 955 568 omnibus
991 532 1210 579 disseritur,
1248 534 1314 581 qui
1347 533 1445 570 hanc
1472 532 1703 570 comoediam
1730 533 1809 570 sive
1836 533 2095 583 singulariter,
2133 534 2214 571 sive

154 619 243 646 cum
270 607 352 644 aliis
378 606 506 642 Plauti
532 605 669 641 fabulis
699 604 909 641 ediderunt.
963 603 1040 640 Sed
1066 605 1222 653 pariter,
1255 609 1300 642 ut
1327 606 1427 654 apud
1455 605 1676 643 Terentium
1704 605 1760 643 de.
1779 606 2057 643 comoediarum
2081 606 2212 656 singn-

154 681 281 719 larum
308 681 530 729 argumento
556 678 759 727 exponitur
785 677 976 726 periochis
1002 677 1101 724 istis,
1129 682 1225 726 quae
1252 690 1274 715 a
1300 678 1393 715 Caio
1419 678 1595 729 Sulpicio·
1617 680 1826 729 Apollinari
1839 677 1881 731 *)
1909 679 2102 718 confectae
2128 678 2213 716 vul·

155 765 207 806 go
233 753 429 798 feruntur,
456 751 509 789 ita
535 751 636 800 apud
662 750 838 788 Plautum
866 751 1072 788 comoediis
1100 752 1259 802 singulis
1285 753 1496 807 praemissa
1518 756 1665 790 exstant
1689 755 1832 791 minora
1859 753 2019 790 carmina
2044 753 2214 789 versibus

157 827 314 867 senariis
349 825 471 871 facta,
508 835 625 873 quae,
661 827 705 861 ut
740 824 790 862 de
826 828 1048 875 argumento
1075 825 1238 872 docent,
1278 825 1331 864 ita
1357 826 1439 875 ipsa
1464 825 1720 864 inscribuntur
1747 832 1991 877 argumenta.
2045 827 2215 874 Quatuor

155 901 313 947 fabulis,
340 898 635 961 Amphitruoni,
670 898 913 944 Aululariae,
949 898 1068 935 Militi
1095 898 1297 944 Glorioso,
1324 898 1532 936 Mercatori
1558 903 1646 936 sunt
1672 900 1748 936 duo
1775 899 1958 938 eiusmodi
1983 901 2216 949 argumenta,

156 976 318 1013 alterum
344 965 574 1022 ἆκροςιχὶς,
602 971 738 1008 ceteris
767 971 915 1020 singula
942 972 1069 1017 modo,
1096 964 1474 1022 ubiqueic'txpdg'cxa,
1502 983 1599 1020 quae
1615 971 1844 1009 aPrisciano
1860 972 2101 1022 grammatico
2123 982 2214 1009 con-

155 1045 572 1087 fectaessevoluerunt.
603 1044 725 1082 Cuius
737 1044 1069 1093 senteutiaevulgo
1080 1045 1241 1081 traditae
1252 1044 1337 1092 quis
1349 1044 1616 1091 auctorsuerit,
1639 1045 1672 1082 si
1683 1046 1911 1093 quaerimus,
1934 1043 2217 1082 remittimurad

161 1121 378 1158 anatinam
386 1114 646 1155 Veronensem
657 1105 893 1165 philologum
901 1117 1098 1168 admodum
1108 1117 1308 1161 celebrem,
1337 1117 1400 1163 qui
1415 1117 1540 1153 medio
1559 1117 1710 1154 saeculo
1728 1117 1874 1156 decimo
1893 1118 2022 1164 quinto
2030 1115 2216 1154 Venetiae

159 1195 199 1232 et
223 1191 412 1230 Fen-arae
437 1189 543 1226 vixit.
596 1188 673 1226 Hic
699 1189 841 1234 „inter
868 1181 1019 1234 cetera,
1059 1201 1155 1237 quae
1181 1188 1229 1225 de
1255 1188 1448 1226 Prisciano
1475 1189 1615 1235 refert,
1652 1190 1828 1239 poeticen
1857 1202 2010 1238 quoque
2035 1192 2219 1226 tractasse

160 1293 188 1313 „
205 1265 312 1303 illum
340 1267 380 1300 et
405 1263 444 1299 in
470 1261 663 1299 Plautinas
690 1260 839 1298 fabulas
865 1262 1011 1310 singula
1037 1264 1254 1310 argumenta
1281 1262 1479 1310 scripsisse
1505 1262 1650 1311 probat.
1666 1264 1692 1282 “
1744 1263 1851 1300 Haec
1878 1263 1927 1300 ‹le
1953 1262 2020 1299 illo
2049 1262 2216 1300 Guarino

159 1341 250 1377 sunt
282 1337 396 1374 verba
421 1334 621 1383 Longolii,
659 1346 756 1381 quae
790 1334 972 1383 leguntur
1006 1334 1054 1370 ad
1079 1334 1205 1370 Plauti
1235 1334 1424 1382 Amphitr.
1451 1334 1670 1383 Argument.
1698 1334 1726 1371 1.
1753 1335 1852 1383 apud
1878 1335 2067 1372 Boxhorn.
2122 1333 2218 1371 Cum

160 1413 246 1461 ipse
271 1408 430 1448 Guarini
456 1407 617 1452 librum,
659 1417 735 1455 quo
771 1406 846 1443 ista
883 1405 1066 1454 protulit,
1100 1417 1176 1442 non
1201 1405 1378 1451 habeam,
1417 1407 1605 1454 quomodo
1633 1408 1871 1456 probaverit,
1906 1408 2033 1446 dicere
2059 1417 2220 1455 nequeo.

162 1484 206 1522 ln
230 1483 337 1520 libris
362 1480 477 1517 MSS.
503 1479 655 1529 Plauti,
683 1482 863 1527 quantum
891 1479 994 1523 scio,
1031 1478 1426 1528 nusquamrl’risciani
1452 1479 1498 1515 fit
1522 1480 1686 1526 mentio;
1740 1480 1962 1531 simpliciter
1987 1481 2221 1519 nominantur

163 1554 428 1606 Argumenta,
456 1555 614 1589 auctore
638 1551 741 1588 haud
767 1553 1066 1588 commemorato.

268 1669 346 1706 Sed
385 1667 557 1715 quisquis
583 1666 658 1703 fuit
684 1670 836 1712 auctor,
870 1666 947 1703 hoc
973 1667 1118 1703 certum
1146 1667 1225 1711 est,
1261 1665 1328 1704 illa
1357 1665 1520 1704 carmina
1547 1666 1627 1704 sive
1653 1670 1873 1717 argumenta
1899 1667 2112 1717 conscripta
2137 1678 2225 1705 esse

162 1748 286 1782 metro
312 1739 510 1778 admodum
536 1740 732 1784 concinno,
759 1742 799 1775 et
825 1740 917 1774 satis
946 1741 1101 1785 antiquo
1130 1739 1305 1774 sermone
1331 1750 1506 1785 puroque
1534 1742 1574 1774 et
1600 1738 1685 1775 fere
1710 1738 1912 1786 Plautino,
1938 1739 2155 1777 nominatim
2181 1739 2222 1777 in

164 1809 405 1868 ἂκροςίχοις
430 1812 536 1857 istis,
562 1812 602 1848 in
629 1823 726 1859 quae
752 1811 854 1848 haud
882 1823 968 1849 raro
996 1811 1182 1848 dictiones
1211 1813 1251 1847 et
1276 1811 1390 1847 verba
1419 1822 1441 1847 e
1468 1808 1592 1846 Plauti
1618 1810 1738 1858 ipsius
1764 1809 1889 1847 fabula
1915 1811 2095 1848 translata
2120 1816 2222 1858 sunt,

165 1887 377 1939 elegantius
403 1887 442 1922 in
469 1896 584 1921 unum
610 1884 878 1922 consarcinata.
927 1877 1214 1935 ’Λκροςιχίδας
1239 1883 1323 1919 illas
1351 1882 1534 1931 Lingius,
1571 1881 1641 1920 Vir
1669 1882 1969 1929 Celeberrimus,
2004 1885 2042 1921 in
2078 1885 2223 1929 libello,

166 1973 281 2011 quem
307 1960 392 2004 „de
417 1958 522 1993 hiatu
548 1958 587 1993 in
615 1957 783 1993 versibus
801 1957 984 1992 Plautinis
995 1958 1020 1976 “
1031 1954 1093 2002 **)
1122 1955 1359 2003 conscripsit,
1386 1966 1499 2003 pagg.
1525 1953 1588 1991 21.
1617 1957 1656 1991 et
1682 1954 1746 1992 22.
1767 1954 1949 1993 Prisciani
1966 1967 2052 1993 esse
2073 1957 2225 2006 negavit

167 2039 208 2075 et
231 2034 368 2072 Plauto
398 2030 474 2079 ipsi
500 2030 740 2067 vindicandas
775 2030 926 2066 censuit
952 2029 1000 2065 oh
1029 2040 1272 2065 numerorum
1299 2032 1338 2063 et
1364 2028 1538 2063 dictionis
1566 2028 1855 2075 praestantiam,
1889 2029 2111 2076 praesertim
2138 2041 2224 2066 cum

166 2110 207 2145 in
232 2104 326 2156 ipsis
353 2102 464 2140 codd.
492 2101 715 2150 quibusdam
740 2101 903 2150 vestigia
931 2103 1134 2146 exstarent,
1162 2112 1185 2137 e
1213 2100 1347 2148 quibus
1372 2099 1577 2136 verisimile
1613 2092 1969 2150 esset,·c}n(›5;cxoe
1995 2101 2061 2138 illa
2087 2101 2223 2139 Plauto

167 2182 242 2218 iun
276 2178 366 2215 olim
398 2175 541 2212 tributa
576 2185 662 2211 esse
677 2186 700 2219 ;1
742 2185 765 2211 a
792 2173 1052 2211 Grammaticis
1088 2172 1200 2209 etiam
1238 2182 1284 2209 ex
1319 2171 1393 2208 illis
1430 2183 1563 2208 versus
1597 2172 1796 2209 nonnullos
1830 2175 1875 2209 ut
1909 2171 2034 2210 Plauti
2067 2173 2223 2212 laudari,

169 2249 407 2292 Contradicit
434 2247 737 2292 Lindemanuus,
770 2245 842 2283 Vir
869 2245 1140 2291 Doctissimus,
1176 2248 1220 2281 ut
1253 2244 1358 2282 vides
1398 2255 1445 2282 ex
1477 2244 1547 2290 iis,
1589 2256 1685 2294 quae
1710 2245 1856 2282 monuit
1880 2245 1927 2284 ad
1952 2246 2225 2296 Argumentum

170 2318 394 2375 ἇκρόςιχον
421 2322 678 2369 Captivorum,
688 2317 773 2370 ***)
802 2331 1022 2367 quamquam
1049 2318 1151 2355 idem
1177 2318 1225 2354 ob
1254 2318 1438 2355 sermonis
1466 2317 1687 2367 elegantiam
1714 2318 1889 2356 concedit
1913 2318 2007 2356 haee
2027 2299 2225 2369 argumenss

168 2397 417 2438 taPrisciano
439 2395 589 2442 quidem
616 2392 825 2440 antiquiora
850 2392 984 2436 videri,
1009 2394 1049 2427 et
1073 2389 1240 2427 fortasse
1267 2390 1314 2427 ad
1340 2401 1490 2427 auream
1518 2402 1639 2439 usque
1665 2395 1827 2429 aetatem
1853 2390 2085 2430 adscendere
2111 2396 2225 2442 atque

169 2474 219 2512 ad
252 2470 443 2517 antiquius
477 2467 563 2503 fere
596 2469 745 2513 tempus
773 2465 912 2501 latinae
947 2464 1098 2511 linguae
1133 2464 1337 2512 pertinere.
1392 2463 1503 2510 Quod
1542 2464 1626 2501 iure
1658 2467 1841 2513 recteque
1876 2464 1971 2512 dici,
2009 2464 2123 2503 facile
2157 2465 2228 2504 tibi

169 2542 422 2596 persuadean
459 2539 617 2585 accedit,
646 2537 764 2587 quod,
793 2549 870 2585 quo
896 2537 1016 2585 magis
1043 2549 1065 2573 a
1090 2537 1214 2585 primo
1240 2537 1329 2573 inde
1354 2540 1540 2584 tempore,
1566 2539 1766 2585 postquam
1793 2536 1963 2574 ediderat
1987 2537 2143 2575 Plautus
2170 2538 2227 2576 fa-

215 2708 254 2749 *)
275 2707 353 2739 Fuit
379 2703 430 2736 hic
450 2702 608 2735 celebrior
630 2700 878 2740 Grammaticus,
902 2704 1091 2743 praeceptor
1113 2700 1293 2733 Pertinacis
1314 2700 1533 2741 imperatorin
1575 2700 1636 2732 vid.
1660 2701 1744 2732 Geli.
1764 2704 1798 2739 2,
1821 2703 1879 2739 163
1920 2703 1952 2739 4,
1979 2704 2025 2732 1⁷.
2049 2705 2082 2732 et
2103 2702 2188 2734 alibi.

217 2769 271 2809 u)
293 2767 400 2800 Totus
422 2765 529 2796 titulus
553 2767 623 2796 est:
666 2763 934 2803 „Quaestionum
956 2762 1173 2794 Plautinarum
1194 2761 1275 2794 liber
1296 2762 1433 2803 primus,
1463 2763 1529 2794 sire
1552 2762 1592 2794 de
1614 2761 1701 2794 hiatu
1723 2762 1753 2793 in
1774 2762 1917 2794 versibus
1938 2761 2102 2795 Plautinis.
2146 2764 2230 2797 Vra-

320 2819 420 2851 tislav.
442 2817 561 2848 1817.“

218 2883 291 2924 nt)
313 2880 465 2921 Captivos
494 2887 567 2911 eum
588 2878 690 2909 Milite
713 2876 863 2909 Glorioso
887 2880 920 2909 et
942 2874 1129 2907 Trinummo
1174 2875 1226 2907 ille
1261 2875 1316 2907 Vir
1346 2875 1492 2909 doctriua
1515 2874 1688 2908 admodum
1708 2875 1838 2916 insignis
1860 2874 1958 2908 edidit
1979 2875 2108 2918 Lipsiae
2130 2879 2232 2918 18233

323 2931 510 2974 singulatim
532 2929 630 2962 edere
652 2930 738 2961 idem
760 2929 864 2961 Plauti
886 2928 1011 2960 fabulas
1033 2928 1141 2969 coepit
1162 2927 1247 2969 apud
1270 2927 1475 2961 Teubnerum
1496 2928 1587 2960 aunis
1610 2930 1703 2966 1827,
1727 2929 1809 2959 1830
1829 2931 1863 2960 et
1885 2930 1974 2959 1834.
