2360 3050
157 208 409 247 Romanarum
427 206 620 244 literarum
639 208 880 244 monumenta
895 206 1090 256 aspernari
1110 205 1212 244 baud
1239 206 1431 245 dubitarit.
1464 205 1597 247 *mm-a
1623 208 1886 252 alliteratiouIs
1913 211 2082 263 exempla
2106 224 2220 265 repe·

158 283 310 319 riuntur
317 281 415 330 apud
426 281 663 326 Ciceronem,
680 280 885 316 maximein
895 280 1141 326 orationibus,
1155 281 1221 317 ubi
1231 282 1287 317 vis
1300 281 1390 318 inde
1402 280 1503 318 haud
1520 281 1636 319 dubie
1650 284 1772 322 malor
1790 285 1971 344 quaedam
1985 285 2220 337 validiorque

158 355 307 395 exstitit
323 354 363 393 in
379 352 584 393 auditores.
612 351 807 403 Sed'apud
816 352 896 391 Cic.
915 352 1116 392 alliteratio
1132 355 1351 406 magia'orta
1364 354 1514 393 videtur
1522 366 1570 393 ex
1579 351 1639 401 eo,
1659 359 1763 404 quod
1771 360 1957 397 sermonis
1967 361 2156 409 ingenim
2164 361 2221 398 aie

130 474 137 479 .
159 428 363 475 suadebat,
397 438 509 477 quam
545 426 649 477 quod
671 425 769 477 ipse
803 425 1065 466 alliteratiouis
1093 428 1176 466 erat
1202 426 1432 475 studiosior3
1484 439 1610 478 neque
1636 429 1807 470 omnibus
1834 431 1917 471 eiua
1943 433 2148 482 generibus
2176 445 2221 474 se

157 502 362 540 tradidisse
378 502 542 547 videtur,
566 504 610 537 ut
626 511 717 538 vere
732 504 863 537 monet
871 501 1087 550 Zumptius,
1104 499 1175 538 Vir
1192 502 1427 550 antiquitatis
1444 501 1644 539 admodum
1660 513 1813 552 gnarus,
1840 504 1888 542 ad
1898 503 2009 554 Verr-
2020 509 2091 543 act.
2101 505 2146 544 11.
2156 506 2219 545 lib.

159 577 197 614 4.
225 588 259 613 c.
286 575 326 613 5.
352 573 389 623 §-
417 575 479 611 lo.
533 573 734 622 Leguntur
757 574 837 610 illic
863 575 978 611 verba
1004 575 1223 611 Ciceronis:
1264 574 1464 625 putabant
1490 576 1724 624 ereptionem
1751 588 1848 622 ease,
1873 589 1951 614 non
1978 581 2218 628 emptionem.

162 648 223 688 Ad
248 648 344 686 haec
370 647 423 685 ita
457 645 610 695 scripsit
647 645 872 695 Zumptius=
927 673 955 693 „
969 647 1294 686 Annominationis
1327 648 1487 698 figuram
1522 659 1707 698 agnosco,
1746 660 1855 698 quam
1882 649 2063 689 describit
2088 655 2221 690 auctor

160 722 244 768 „ad
271 721 438 758 Herenn.
472 720 512 764 6,
547 719 614 764 21,
649 718 815 755 Rutilius
853 719 985 767 Lupus
1020 720 1059 766 8,
1096 721 1315 767 Quintilian.
1350 721 1474 757 Instit.
1512 724 1607 757 orat.
1639 722 1681 766 9,
1715 721 1755 767 3,
1781 699 1847 759 ὼ.
1872 733 1957 769 sqq.
1984 725 2024 758 et
2047 722 2114 759 ⁶15.
2166 724 2221 760 Et

161 795 352 844 „praeter
378 791 560 840 exempla,
589 802 690 839 quae
714 790 772 828 illi
798 790 972 837 laudant,
1002 792 1075 838 alia
1100 796 1189 831 sunt
1217 793 1414 831 Ciceronis
1441 793 1491 830 de
1516 797 1592 831 nat.
1618 793 1724 830 deor.
1752 794 1789 839 1,
1814 794 1856 839 7,
1885 794 1969 831 112
2024 794 2125 840 „Tu
2151 807 2217 832 au·

158 869 308 914 „„tem
334 864 412 903 noli
439 863 654 910 existimes,
680 875 742 902 me
768 862 978 903 adiutorem
1003 864 1094 903 huic
1119 866 1295 914 venisse,
1328 866 1398 905 sed
1422 865 1636 905 auditorem
1649 867 1679 894 “—
1699 886 1755 895 —
1779 886 1834 895 —
1859 887 1925 906 —.
1979 868 2214 918 Quamquam

163 940 274 987 „hoc
310 939 462 987 quidem
499 949 640 987 genere
669 937 805 975 Cicero
830 938 951 975 multo
977 939 1129 988 parcius
1156 940 1298 986 utitur,
1333 951 1444 989 quam
1479 942 1613 989 posset
1637 940 1850 990 exspectari
1874 952 1898 978 a
1923 944 2029 979 tanto
2054 941 2218 980 hominia

168 1012 393 1060 „acumine,
422 1011 454 1048 si
480 1012 606 1060 ipsum
632 1022 754 1060 genus
780 1010 870 1048 satis
896 1012 1108 1060 probasset,
1134 1023 1206 1050 nec
1231 1016 1297 1051 aut
1320 1012 1500 1064 frigidum
1524 1015 1590 1055 aut
1615 1011 1700 1051 leve
1724 1015 1906 1065 putasset.
1927 1033 1981 1042 ——
2004 1013 2139 1076 Magis
2155 1026 2218 1054 re·
2290 1023 2294 1024 ⁷

161 1086 540 1135 „rumproprietate
568 1085 912 1133 praepositionibus
938 1086 1203 1134 distinguenda
1226 1088 1462 1132 delectatur,
1499 1087 1625 1134 qualia
1656 1087 1722 1124 illa
1755 1090 1866 1132 sunt,
1900 1087 2003 1135 quod
2021 1087 2152 1125 Divin.
2179 1089 2219 1124 9.

170 1188 183 1207 ,
195 1158 403 1198 Caecilium
421 1157 551 1196 literas
571 1169 646 1195 non
667 1157 904 1207 deportare,
925 1158 996 1196 sed
1016 1163 1235 1208 asportare
1251 1160 1351 1197 velle
1367 1160 1470 1205 dicit,
1486 1162 1527 1197 et
1543 1159 1606 1196 lib.
1626 1160 1666 1205 1,
1682 1159 1721 1196 4.
1735 1158 1897 1197 Verrem
1915 1160 1988 1196 sibi
2008 1172 2131 1207 neque
2150 1172 2216 1197 oc-

161 1231 306 1278 „culte
332 1230 517 1280 surripi,
534 1231 670 1278 'neque
696 1231 851 1278 impune
878 1231 989 1280 eripi
1012 1243 1139 1280 posse,
1166 1232 1313 1280 aliaque
1337 1231 1501 1269 multa.“
1554 1230 1718 1270 Veteres
1744 1231 1882 1270 deiude
1896 1232 2128 1281 grammatici
2149 1243 2218 1281 po-

164 1305 337 1341 sterioris
364 1303 550 1351 temporis
578 1303 623 1339 ab
649 1303 721 1339 hac
747 1303 1019 1340 consuetudine
1045 1305 1118 1340 iam
1144 1305 1228 1341 fere
1253 1306 1499 1341 abhorruisse
1525 1304 1712 1350 videntur,
1738 1308 1781 1341 ut
1805 1304 2060 1352 improbantes
2086 1305 2218 1353 singu·

160 1377 197 1415 la
234 1375 405 1425 exempla
432 1375 543 1413 etiam
570 1369 820 1424 κακέμφατα
846 1375 1093 1420 nominarint,
1127 1377 1182 1413 uti
1208 1378 1359 1425 scripsit
1383 1377 1468 1425 ipse
1495 1376 1648 1414 Servius
1674 1378 1723 1413 ad
1749 1376 1886 1425 virgil.
1912 1377 2006 1413 Aen.
2033 1378 2073 1421 2,
2098 1375 2217 1423 7.*);

159 1449 264 1500 quod
290 1459 337 1488 eo
363 1448 482 1498 magis
507 1448 698 1494 miramur,
726 1458 810 1485 cum
837 1446 911 1486 ista
937 1447 1188 1488 alliteratione
1214 1449 1364 1489 suavior
1388 1450 1526 1489 existat
1551 1449 1777 1500 syllabarum
1798 1449 2074 1498 verborumque
2096 1450 2219 1501 coitus

157 1527 198 1560 et
234 1522 345 1570 quasi
381 1525 599 1557 concentus.
652 1520 736 1556 Nisi
769 1520 872 1557 forte
906 1522 1142 1568 potissimum
1179 1522 1219 1558 id
1254 1522 1394 1559 factum
1431 1534 1519 1559 esse
1545 1525 1719 1572 putemus
1747 1522 1876 1559 studio
1902 1522 1978 1559 isto
2004 1521 2219 1560 hominibus

159 1595 430 1634 eruditioribus
458 1597 498 1631 et
524 1593 821 1641 elegantioribus
850 1596 958 1640 quasi
985 1595 1128 1638 innato,
1156 1607 1178 1631 a
1204 1596 1307 1643 vulgi
1332 1608 1440 1632 more
1467 1599 1507 1632 et
1532 1595 1828 1639 consuetudine,
1853 1595 1999 1631 scilicet
2024 1595 2219 1644 despecta,

164 1666 377 1707 decedendi
403 1664 657 1714 consultoque
684 1677 729 1703 ea
753 1665 1015 1715 relinquendi,
1052 1678 1149 1715 quae
1182 1667 1296 1717 vulgo
1330 1671 1419 1706 sunt
1453 1669 1492 1706 in
1527 1667 1685 1705 deliciis.
1742 1665 1857 1715 Apud
1901 1667 2075 1716 vulgares
2120 1668 2219 1705 enim

158 1741 334 1779 homines
369 1740 471 1778 illam
507 1737 797 1777 alliterationem
833 1738 1034 1788 plurimum
1068 1739 1253 1778 mansisse
1286 1740 1326 1778 in
1360 1751 1453 1786 usu,
1486 1738 1600 1779 facile
1632 1738 1702 1777 tibi
1736 1739 1997 1788 persuaseris;
2034 1739 2119 1778 -sed
2152 1752 2216 1780 ea-

156 1815 242 1852 dem
276 1814 376 1850 haud
411 1825 499 1849 raro
535 1813 670 1865 abusos
705 1823 793 1848 esse
826 1811 1002 1860 frigidius
1039 1812 1293 1861 insulsiusque
1332 1815 1500 1850 iocantes
1515 1798 1518 1802 ’
1536 1816 1577 1849 et
1611 1811 1823 1848 scurriliter
1856 1814 2040 1862 nugantes
2075 1812 2218 1862 pariter

161 1888 382 1927 credideris.
436 1886 643 1935 Superest,
678 1888 722 1923 ut
748 1885 934 1923 neminem
961 1884 1106 1930 latebit,
1132 1886 1173 1923 in
1197 1888 1407 1933 proverbiis
1433 1890 1473 1923 et
1504 1887 1545 1922 in
1578 1885 1853 1930 locutionibus,
1888 1897 1985 1933 quae
2009 1887 2167 1935 propius
2194 1898 2217 1924 a

160 1949 374 2012 proverbiis
402 1958 559 2005 absunt;
611 1957 852 2008 potissimum
877 1957 1142 2007 repetitionem
1169 1958 1336 1997 eiusdem
1361 1958 1556 2005 vocabuli,
1598 1970 1694 2007 quae
1727 1932 1813 2007 ipsa
1846 1958 1894 1996 ad
1929 1958 2216 1997 alliterationem

158 2034 330 2085 proxime
356 2032 526 2078 accedit,
564 2031 739 2068 usitatam
766 2042 854 2069 esse
880 2030 1062 2069 videmus.
1115 2030 1173 2069 Ita
1199 2031 1329 2071 dicunt
1362 2031 1652 2083 proverbialiter
1685 2030 1856 2069 homines
1883 2029 2061 2070 Romani:
2116 2029 2215 2079 „Sl-

159 2107 296 2153 „milis
324 2104 439 2142 simili
466 2105 619 2154 gaudet,
645 2105 763 2140 amico
790 2104 946 2149 amicus,
980 2104 1110 2141 balbus
1136 2096 1284 2143 balbum
1310 2106 1453 2144 rectius
1480 2104 1679 2154 intelligit.
1707 2115 1841 2143 caecus
1868 2114 1981 2143 caeco
2008 2103 2108 2152 dux,
2134 2115 2213 2144 mn·

156 2192 266 2227 „uns
300 2191 449 2216 manum
482 2179 616 2222 fricat,
655 2178 716 2214 vel
743 2178 897 2222 lavat,“
934 2181 973 2213 et
999 2178 1272 2215 eiusdemmodi
1298 2182 1487 2215 sexcenta.
1539 2178 1668 2226 Atque
1705 2177 1862 2214 eandem
1889 2178 2213 2222 consuetudinem,

159 2264 271 2301 quam
308 2252 421 2289 etiam
456 2264 478 2289 a
505 2251 731 2289 Germanico
766 2261 942 2288 sermone
967 2250 1119 2288 minime
1145 2251 1303 2289 alienam
1330 2263 1416 2288 esse
1442 2254 1571 2287 notum
1598 2254 1680 2296 est,
1714 2250 1873 2287 multum
1898 2251 2060 2288 valuisse
2087 2251 2127 2287 in
2153 2255 2213 2287 to-

158 2330 237 2364 tam
263 2324 417 2375 linguae
443 2323 635 2362 Romanae
662 2327 830 2362 naturam
857 2322 1093 2372 formamque
1121 2326 1161 2362 et
1186 2324 1224 2361 iu
1252 2325 1335 2362 eins
1362 2324 1627 2374 grammaticen
1653 2326 1809 2372 apparet
1835 2335 1919 2360 cnm
1947 2335 1993 2360 ex
2015 2323 2111 2368 aliis,
2137 2327 2217 2361 tum

157 2410 204 2436 ex
231 2397 475 2435 multitudine
501 2397 767 2444 relativorum,
803 2408 900 2445 quae
936 2400 1021 2434 orta
1056 2399 1145 2434 sunt
1171 2408 1218 2434 ex
1243 2397 1495 2447 repetitione,
1536 2396 1660 2446 qualia
1686 2399 1775 2434 sunt
1803 2396 1992 2447 quisquis,
2029 2400 2215 2447 quantus-

158 2475 342 2521 quantus,
370 2463 572 2520 quotquot,
600 2475 705 2516 utut,
734 2464 978 2520 quamquam.
1020 2470 1142 2517 Adde,
1170 2472 1271 2519 quod
1297 2471 1410 2521 vulgo
1439 2474 1479 2508 et
1505 2481 1552 2508 ex
1578 2470 1665 2521 lege
1692 2468 1849 2520 quadam
1874 2473 2062 2520 perpetua
2088 2468 2217 2507 dicunt

158 2545 318 2582 Romani
345 2546 471 2593 magis
496 2546 710 2593 magisque,
737 2546 863 2580 minus
890 2545 1101 2591 minusque,
1124 2546 1216 2592 plus
1236 2546 1416 2593 plusque,
1444 2545 1525 2581 alia.
1698 2542 1704 2547 ⁷

263 2625 341 2665 Sed
367 2631 412 2665 ut
438 2627 512 2664 iam
539 2627 586 2664 ad
614 2627 762 2676 singula
788 2627 1051 2664 alliterationis
1078 2628 1249 2676 exempla
1276 2639 1323 2665 ex
1349 2627 1543 2665 Aulularia
1567 2626 1733 2674 repetita
1759 2630 2009 2668 transeamus,
2037 2637 2085 2662 ne
2112 2625 2215 2662 ordi-

152 2712 202 2739 ne
230 2699 393 2749 quodam
428 2703 469 2737 et
505 2699 594 2749 lege
628 2702 734 2737 certa
767 2711 981 2746 careamus,
1025 2699 1125 2737 sicut
1161 2700 1246 2749 ipse
1272 2700 1345 2738 iam
1372 2699 1558 2737 Naeckius
1584 2698 1733 2736 ratione
1759 2698 1860 2735 haud
1886 2698 2044 2735 multum
2071 2698 2218 2743 diversa

151 2773 262 2829 iecit,
289 2772 580 2811 constituendae
606 2775 695 2811 suut
722 2756 890 2812 classess
931 2772 1148 2813 Alliteratio
1175 2773 1275 2812 euim
1300 2773 1347 2811 fit
1371 2773 1471 2811 inter
1496 2771 1572 2810 duo
1598 2771 1659 2810 vel
1686 2771 1759 2809 tria
1784 2770 1966 2809 vocabula

188 2915 222 2958 ⁶)
244 2916 295 2950 cf.
316 2915 483 2951 Naeckius
504 2926 581 2958 pag.
602 2919 675 2950 ³32.
