2360 3050
136 574 265 642 Inter
290 601 430 640 multos
457 605 590 652 poetas
619 600 796 647 comicos,
825 600 891 649 qui
919 599 1007 638 olim
1034 597 1133 649 apud
1159 597 1348 637 Romanos
1376 597 1613 646 exstiterunt,
1639 598 1797 638 maxime
1823 599 2048 638 excelluisse
2068 599 2182 639 Plau·

136 679 238 720 tmn,
277 677 507 724 antiquiores
546 679 649 711 certe
676 675 834 711 Romani
861 675 935 722 ipsi
961 674 1229 710 iudicaverunt.
1285 673 1419 709 Cicero
1445 673 1615 721 pluribus
1641 670 1756 719 locis,
1791 677 1835 710 ut
1860 674 1909 711 de
1936 673 2013 711 Off.
2042 666 2079 720 1,
2105 674 2184 718 29„

136 748 187 785 de
212 747 355 785 Invent.
383 749 423 794 1,
450 748 538 793 5⁰„
575 748 623 784 de
650 748 755 784 Orat.
782 746 821 792 3,
851 747 934 791 12.‚
971 747 1020 783 de
1047 746 1197 783 Senect.
1225 746 1287 782 14.
1320 746 1421 782 haud
1448 745 1583 782 leviter
1609 745 1743 783 Plauto
1770 746 2000 784 delectatum
2026 757 2071 784 se
2098 757 2186 784 esse

138 799 326 865 ostendit3
378 819 523 865 Varro,
563 832 672 868 quem
700 820 749 855 de
775 819 1020 867 scriptoribus
1049 822 1087 855 et
1113 818 1237 866 poetis
1266 818 1443 854 subtilius
1470 818 1655 855 iudicasse
1681 819 1839 864 scimus,
1873 821 1918 855 ut
1940 818 2089 856 Nonius
2116 818 2187 855 do·

137 872 199 947 eet
225 892 294 929 sub
321 903 402 929 voc.
423 905 596 943 poscere,
624 893 717 928 haec
744 892 883 928 dixisse
908 891 1050 928 fertur:
1094 891 1171 936 „ln
1197 892 1424 940 argumentis
1444 891 1631 928 Caecilius
1658 892 1784 940 poscit
1808 891 1982 940 palmam,
2007 892 2048 928 in
2075 891 2187 929 ethe-

138 965 198 1002 sin
216 964 435 1011 Terentius,
460 966 498 1002 in
526 966 759 1002 sermonibus
786 965 951 1001 Plautus.
961 965 987 984 ‘⁸
1041 963 1231 1000 Sermonis
1258 967 1385 1000 autem
1412 964 1599 1012 elegantia
1625 967 1739 1012 atque
1765 964 1907 1002 virtute
1931 964 2102 1014 inprimis
2129 964 2188 1001 in-

136 1037 284 1085 signem
318 1038 440 1074 fuisse
474 1038 670 1082 Plautum,
706 1038 806 1072 idem
833 1037 955 1073 Varro
992 1040 1173 1081 testatur,
1211 1037 1295 1083 qui,
1336 1040 1379 1072 ut
1414 1038 1512 1083 apud
1543 1037 1699 1083 Quintil.
1727 1038 1814 1073 inst.
1842 1040 1937 1074 orat.
1965 1038 2028 1080 1⁰,
2056 1037 2094 1081 1,
2121 1036 2189 1073 99.

138 1108 323 1158 legimus,
359 1110 461 1147 Aelii
488 1110 645 1146 Stilonis
685 1107 856 1156 magistri
891 1109 948 1145 sui
985 1109 1205 1146 sententiam
1240 1112 1392 1145 secutus
1420 1109 1534 1154 dixit,
1569 1108 1701 1146 Musas
1728 1108 1902 1147 Plautino
1929 1120 2104 1147 sermone
2129 1108 2188 1145 lo·

138 1182 291 1219 cutura·
318 1180 460 1228 fuisse,
496 1182 529 1218 si
557 1181 672 1218 latine
699 1180 803 1229 loqui
829 1180 981 1217 vellent.
1035 1179 1146 1229 Apud
1175 1179 1360 1227 Gellium,
1402 1181 1467 1229 qui
1502 1180 1720 1230 saepissime
1746 1179 1920 1219 Plautum
1946 1181 2105 1230 eiusque
2130 1180 2189 1218 in·

139 1254 294 1301 genium
334 1257 373 1289 et
407 1255 566 1289 virtutes
595 1254 766 1289 laudibus
796 1254 929 1298 effert,
966 1253 1030 1287 lib.
1058 1251 1140 1287 XV.
1168 1263 1201 1287 c.
1228 1252 1293 1287 24.
1310 1255 1452 1287 'versus
1478 1253 1626 1288 iambici
1652 1246 1817 1291 trimetri·
1839 1253 2004 1292 Volesffi
2030 1253 2190 1304 Sedigita'

137 1330 276 1374 poetae
301 1327 481 1377 leguntur
507 1328 556 1365 de
582 1328 835 1364 Romanorum
863 1327 1016 1362 comicis
1044 1326 1207 1372 locoque
1236 1325 1394 1372 singulis
1420 1327 1680 1363 attribuendo:

655 1399 838 1447 „Multos
871 1400 1036 1436 incertos
1064 1401 1210 1435 certare
1236 1398 1332 1435 hanc
1358 1410 1439 1436 rem
1465 1399 1640 1446 vidimus,

655 1472 821 1510 Palmam
850 1474 988 1520 poetae
1015 1471 1158 1508 comico
1186 1471 1248 1507 cui
1275 1470 1459 1511 deferant.

655 1545 756 1582 Eum
782 1555 867 1579 meo
894 1544 1033 1579 iudicio
1064 1555 1232 1579 errorem
1260 1542 1459 1578 dissolvam
1485 1543 1569 1588 tibi,

655 1616 712 1651 Ut
738 1619 870 1651 contra
897 1617 929 1651 si
958 1616 1042 1662 quis
1071 1616 1220 1659 sentiat,
1248 1615 1300 1650 nil
1329 1616 1478 1651 sentiat.

658 1687 824 1724 Caecilio
851 1688 1010 1735 palmam
1038 1687 1158 1723 Statio
1186 1687 1235 1723 do
1263 1688 1427 1731 com1c03

655 1759 812 1795 Plautus
840 1760 1026 1796 secundus
1054 1759 1164 1795 facile
1193 1763 1393 1807 exsuperat
1420 1762 1593 1803 ceteros3

654 1830 753 1868 Dein
779 1832 955 1877 Naevius,
984 1832 1049 1879 qui
1077 1836 1201 1868 servet
1228 1833 1404 1880 pretium,
1432 1833 1568 1868 tertius
1596 1836 1667 1868 est.

662 1903 704 1941 Si
732 1904 816 1949 erit,
846 1905 944 1952 quod
974 1909 1107 1952 quarto
1136 1905 1260 1950 detur,
1289 1904 1437 1941 dabitur
1464 1904 1622 1941 Licinio.

657 1975 754 2014 Post
780 1977 929 2026 insequi
956 1977 1140 2015 Licinium
1167 1977 1264 2015 facio
1292 1972 1492 2015 Attssiumq

660 2050 704 2086 ln
731 2054 841 2086 sexto
869 2052 1039 2098 sequitur
1065 2051 1136 2087 hos
1166 2051 1253 2086 loco
1282 2050 1500 2089 Terentius.

656 2121 851 2169 Turpilius
880 2124 1103 2171 septimum3
1152 2122 1299 2158 Trabea
1326 2126 1497 2158 octavum
1523 2122 1679 2159 othnet.

658 2193 769 2231 Nono
797 2195 882 2231 loco
910 2208 995 2233 esse
1022 2195 1132 2232 facile
1158 2194 1256 2231 facio
1284 2194 1475 2230 Luscium.

658 2265 852 2303 Decimum
880 2268 975 2304 addo
1003 2280 1114 2304 causa
1140 2267 1372 2314 antiquitatis
1400 2266 1607 2302 Ennium.“

252 2338 325 2376 His
352 2339 523 2376 versibus
551 2338 711 2387 primum
736 2340 922 2376 Caecilius
942 2340 1099 2386 Statius,
1128 2340 1332 2377 secundum
1360 2338 1530 2383 Plautus,
1558 2340 1702 2374 sextum
1729 2335 1932 2375 Terentius
1960 2337 2107 2376 obtinet
2133 2339 2192 2376 lo-

147 2422 242 2449 cum.
270 2410 412 2449 Postea
422 2415 558 2457 tamen,
575 2412 736 2460 Augusti
746 2412 892 2449 demum
902 2416 1088 2461 tempore,
1108 2424 1181 2460 quo
1189 2412 1361 2449 homines
1371 2410 1529 2447 Romani
1539 2422 1626 2456 non,
1642 2414 1685 2447 ut
1695 2410 1890 2449 Ciceronis
1902 2414 2035 2458 aetate,
2053 2411 2194 2451 induas

149 2487 282 2533 partes
308 2484 418 2521 divisi
446 2487 563 2530 erant,
592 2496 749 2533 quarum
776 2497 850 2521 una
878 2486 1022 2523 Graeca
1047 2486 1180 2535 magis,
1211 2485 1331 2522 altera
1356 2484 1474 2532 magis
1501 2487 1658 2532 paterna
1684 2488 1724 2521 et
1749 2483 1916 2521 Romana
1942 2495 2068 2522 amare
2093 2484 2194 2523 sole-

144 2555 221 2602 bat,
248 2556 317 2592 sed
335 2557 408 2612 iam
426 2557 559 2593 maiori
585 2568 632 2593 ex
656 2560 778 2606 parte,
804 2558 868 2594 isti
895 2562 1023 2614 certe,
1046 2558 1111 2606 qui
1138 2559 1366 2594 eruditiores
1393 2560 1507 2604 atque
1535 2556 1786 2605 elegantiores
1813 2556 2047 2602 videbantur,
2074 2557 2194 2595 Grae·

147 2624 208 2664 cis
227 2628 347 2677 magis
373 2630 567 2678 magisque
597 2641 796 2667 assuecere
823 2634 1041 2680 coeperunt,
1051 2629 1092 2679 *)
1121 2630 1429 2679 quemadmodum
1456 2640 1585 2667 omnes
1612 2629 1864 2667 Romanorum
1891 2630 2067 2678 propriae
2093 2633 2193 2666 artes

186 2769 220 2810 0)
242 2770 292 2802 Cf.
322 2779 406 2811 quae
434 2772 565 2813 Grysar.
588 2772 644 2804 Vir
673 2772 873 2807 doctissimus
903 2773 1051 2808 dissemit
1071 2775 1104 2809 in
1124 2775 1251 2816 libello,
1285 2784 1379 2817 quem
1401 2774 1581 2817 inscripsite
1622 2772 1733 2807 Ueber
1754 2772 1815 2807 den
1836 2762 1981 2807 zunta-<1
2002 2773 2060 2807 der
2079 2772 2193 2806 Rani-

290 2820 388 2856 schoa
409 2823 542 2865 Bfihne3
584 2826 710 2867 allgem.
732 2825 860 2858 Schulz.
894 2828 987 2859 1832.

1899 2888 1923 2924 1
