2360 3050
162 226 304 263 infitias
321 235 396 262 non
414 235 473 269 eo,
499 224 539 260 in
556 224 628 259 hac
653 222 778 259 fabula
803 222 930 270 paullo
956 223 1137 258 maiorem
1161 221 1419 266 laxioremque
1447 230 1532 254 esse
1558 218 1656 254 hanc
1684 229 1929 265 personarum
1955 219 2213 263 mutationem,

162 311 273 337 secus
311 303 425 345 atque
462 298 551 334 alibi
577 311 599 334 a
625 297 762 334 Plauto
789 281 874 333 fieri
901 297 1009 333 solet.
1064 295 1142 332 Sed
1170 307 1216 331 ex
1242 295 1312 330 hac
1339 295 1422 339 ipsa
1448 293 1664 336 celeritate,
1702 305 1774 338 qua
1800 297 1988 329 mutantur
2014 305 2212 340 personae,

161 371 364 410 alacritatis
397 370 641 419 iocorumque
675 369 905 407 incrementa
940 368 979 406 in
1019 367 1144 405 fabula
1171 365 1242 404 hac
1270 365 1468 404 admodum
1495 365 1654 402 motoria
1681 364 1843 403 existere
1869 366 2053 404 videntur.
2106 364 2213 403 Pari-

165 450 226 483 ter
261 456 337 482 non
374 447 433 482 est
466 443 703 481 intervallum
738 446 823 481 actu
858 444 897 481 4.
934 443 1035 480 inter
1070 453 1220 479 scenam
1246 440 1283 478 3.
1313 437 1379 490 (ex
1407 439 1496 476 edit.
1525 438 1699 487 Taubm.)
1729 442 1768 476 et
1795 451 1943 477 scenam
1968 441 2006 478 4.
2059 439 2212 485 Euclio,

164 517 229 566 qui
261 516 390 554 fanum
426 518 619 566 ingressus
656 519 739 562 est,
775 517 902 553 statim
938 515 1059 561 redit,
1096 514 1300 551 Strobilum
1339 524 1466 550 aecum
1492 512 1692 562 abripiens.
1745 512 1869 550 Etiam
1895 514 1936 559 4,
1962 513 1999 550 7.
2025 513 2073 550 ad
2099 512 2214 551 finem

160 590 400 639 proscenium
427 590 472 625 fit
498 600 667 635 vacuum,
695 589 764 626 sed
791 589 874 625 sine
900 599 1005 625 mora
1031 589 1146 625 intrat
1173 587 1376 623 Strobilus.

268 662 323 697 Ut
349 663 423 697 iam
449 663 497 698 de
525 663 660 706 scenis,
687 662 726 698 in
755 673 846 709 quas
873 665 979 697 actus
1006 662 1080 709 ipsi
1108 661 1399 708 distinguuntur,
1426 660 1580 696 verbum
1608 660 1799 704 adiiciam,
1830 670 1950 696 novae
1976 670 2109 696 scenae
2136 660 2214 695 ori·

164 736 300 779 untur,
337 734 399 769 ubi
436 746 682 782 personarum
717 734 756 770 in
781 735 981 782 proscenio
1009 734 1054 769 fit
1081 733 1259 776 mutatio;
1315 733 1389 785 ned¹
1410 744 1494 769 cum
1521 733 1620 768 haud
1647 744 1731 768 raro
1760 744 1834 768 non
1860 733 1972 768 modo
1999 732 2101 768 iusto
2128 743 2210 768 sae·

160 805 271 854 pius,
308 806 376 843 sed
411 807 544 844 mediis
573 807 686 843 etiam
713 807 752 844 in
777 807 947 844 versibus
974 817 1160 855 personae
1187 808 1227 842 et
1253 804 1450 843 adveniant
1477 809 1516 846 et
1543 805 1676 842 abeant
1702 805 1940 853 celeriusque
1966 809 2214 850 revertantur,

163 879 334 917 strictius
360 879 399 916 in
427 879 700 928 distinguendis
728 880 849 917 scenis
876 880 1001 930 legem
1028 878 1130 916 illam
1156 878 1217 915 vix
1244 890 1393 916 servare
1420 890 1644 928 possumus;
1691 879 1780 927 quin
1806 878 1960 916 dubiiun
1988 881 2059 924 est,
2087 881 2215 916 utrum

161 953 249 1002 plus
277 952 476 999 utilitatis,
504 965 549 989 an
576 954 799 990 incommodi
827 965 873 990 ex
898 952 1111 990 istiusmodi
1138 955 1287 989 actuum
1315 953 1556 989 distinctione
1583 953 1622 989 in
1650 964 1780 989 scenas
1808 954 1953 990 existat.
2006 952 2098 989 Plus
2128 951 2212 1000 qui-

161 1024 247 1061 dem
284 1023 329 1061 ad
364 1036 446 1061 rem
480 1025 693 1062 conducere
729 1025 900 1072 videtur,
942 1026 976 1061 si
1003 1025 1155 1075 gravior
1182 1029 1327 1062 actuum
1355 1025 1548 1061 distinctio
1576 1025 1649 1061 ista
1676 1029 1865 1071 servatur,
1901 1036 2110 1073 versusque
2138 1024 2213 1073 ipsi

161 1098 300 1146 singuli
327 1098 506 1145 deinceps
534 1102 788 1143 numerantur,
820 1111 1016 1136 scenarum
1044 1099 1272 1146 singularum
1299 1099 1445 1134 ratione
1472 1111 1705 1145 nequaquam
1731 1100 1870 1135 habita.
1926 1099 2127 1135 Goellerus
2153 1103 2213 1134 ta·

158 1181 258 1216 men,
287 1169 358 1208 Vir
369 1168 632 1216 Doctissimus,
662 1171 740 1219 qui,
769 1174 812 1208 ut
831 1182 945 1220 supra
963 1172 1036 1209 iam
1059 1172 1201 1217 monui,
1227 1174 1375 1207 actuum
1395 1171 1564 1207 ordinem
1582 1171 1773 1220 vulgarem
1794 1172 1831 1208 in
1850 1183 1917 1209 sua
1934 1171 2024 1208 edit.
2042 1170 2212 1215 retinuit,

159 1243 260 1280 idem
298 1254 493 1281 scenarum
527 1244 584 1281 bis
622 1247 728 1282 terve
762 1245 917 1281 mutavit
952 1244 1141 1289 ordinem,
1178 1244 1242 1292 qui
1270 1244 1384 1293 vulgo
1411 1247 1580 1281 servatur
1606 1244 1645 1281 in
1674 1245 1914 1282 editionibus.
1968 1244 2009 1281 ln
2036 1247 2122 1280 actu
2150 1253 2212 1280 se-

158 1316 310 1362 cundo,
347 1317 411 1365 qui
448 1320 508 1354 est
541 1317 640 1366 apud
668 1316 970 1364 Taubmannum,
1012 1328 1161 1355 scenam
1188 1316 1227 1353 4.
1256 1319 1295 1354 et
1320 1316 1357 1354 5.
1385 1317 1423 1353 in
1451 1329 1559 1354 unam
1586 1317 1800 1362 coniunxit3
1854 1317 1922 1355 sed
1950 1328 2073 1354 nonne
2100 1327 2212 1353 versu

163 1392 295 1434 octavo
331 1400 467 1427 scenae
499 1389 535 1427 5.
575 1401 669 1427 unus
701 1401 907 1438 coquorum
934 1401 1019 1426 cum
1046 1390 1164 1426 altera
1190 1390 1343 1425 tibicina
1368 1389 1407 1425 in
1434 1390 1587 1426 domum
1614 1390 1816 1439 Megadori
1843 1391 1946 1427 abit?
1992 1401 2125 1427 novam
2172 1392 2210 1426 ta

157 1473 244 1499 men
271 1473 357 1499 esse
383 1462 502 1499 noluit
529 1474 689 1499 scenam.
743 1462 845 1498 ldem
871 1463 992 1499 iunxit
1019 1462 1059 1499 in
1086 1465 1173 1498 actu
1199 1461 1236 1498 3.
1266 1473 1414 1498 scenam
1442 1462 1478 1497 3.
1508 1474 1591 1498 cum
1619 1474 1729 1499 scena
1755 1463 1805 1507 23
1857 1466 1983 1500 tamen
2009 1474 2121 1499 versu
2148 1461 2213 1498 3⁰.

157 1546 296 1572 scenae
331 1534 370 1572 2.
406 1547 529 1573 nonne
565 1536 679 1573 intrat
714 1536 753 1572 in
784 1535 936 1572 domum
972 1534 1108 1572 Euclio
1145 1537 1185 1571 et
1219 1534 1319 1571 redit
1354 1538 1424 1572 act.
1459 1534 1497 1572 3.
1542 1547 1594 1573 sc.
1628 1535 1685 1573 22
1745 1535 1877 1584 Itaque
1914 1538 2025 1574 etiam
2055 1536 2117 1573 hic
2153 1540 2213 1573 est

156 1620 404 1659 personarum
430 1609 600 1654 mutatio,
626 1611 740 1656 atque
766 1609 972 1645 secundum
998 1608 1122 1657 legem
1150 1619 1244 1644 nova
1271 1607 1384 1644 debet
1414 1620 1501 1644 esse
1528 1621 1649 1645 scena.
1686 1608 1904 1657 Speciosius
1935 1611 2125 1647 coniunxit
2142 1608 2213 1647 Vir

154 1680 403 1720 Doctissimus
450 1684 555 1718 actus
598 1681 701 1717 tertii
746 1692 894 1717 scenam
933 1681 1097 1728 quintam
1135 1683 1174 1716 et
1210 1682 1374 1726 sextam,
1424 1681 1527 1728 quod
1563 1682 1625 1718 hic
1660 1693 1847 1729 personae
1880 1694 1956 1719 non
1992 1686 2209 1727 mutantur;

153 1757 298 1793 tantum
324 1754 364 1791 in
391 1765 502 1791 scena
529 1755 636 1790 sexta
661 1753 762 1789 inter
789 1764 876 1790 sese
903 1753 1070 1802 colloqui
1097 1752 1300 1802 incipiunt,
1337 1756 1534 1802 postquam
1571 1765 1642 1803 per
1670 1765 1818 1792 scenam
1847 1755 2014 1804 quintam
2041 1756 2137 1794 alter
2164 1756 2210 1794 ab

154 1829 275 1866 altero
302 1828 477 1873 seiuncti,
505 1827 664 1870 seorsim
691 1829 872 1874 uterque,
900 1827 1014 1863 verba
1040 1826 1233 1872 fecerum
1289 1826 1497 1875 eademque
1525 1828 1572 1864 de
1600 1839 1709 1864 causa
1734 1829 1926 1865 coniunxit
1953 1833 2059 1866 actus
2087 1830 2210 1878 quarti

155 1914 305 1939 scenam
331 1912 465 1937 nonam
492 1912 576 1935 cum
603 1900 757 1934 decima.
794 1899 928 1945 Neque
951 1900 1048 1935 enim
1068 1903 1127 1935 est
1147 1911 1405 1946 personarum,
1434 1901 1502 1935 sed
1529 1901 1708 1936 orationis
1736 1905 1879 1939 tantum
1906 1904 2063 1939 mutatio
2093 1915 2208 1949 quae-

153 1975 260 2022 dam,
297 1974 344 2013 ob
373 1985 482 2023 quam
508 1983 640 2022 parum
667 1974 755 2020 apte
791 1957 908 2010 novae
944 1984 1079 2010 scenae
1116 1972 1263 2010 initium
1307 1972 1370 2010 hic
1416 1973 1507 2021 poni
1542 1974 1704 2011 videtur.
1759 1974 1921 2013 Leviora
1961 1980 2050 2014 sunt
2092 1977 2209 2022 haec;

154 2048 224 2087 sed
256 2047 501 2096 intelligimus
537 2044 649 2081 etiam
686 2055 733 2080 ex
768 2043 1021 2090 his,‚melius
1059 2045 1182 2081 omitti
1209 2048 1357 2081 actuum
1394 2045 1670 2083 distinctionem
1707 2046 1746 2084 in
1784 2059 1938 2094 scenas3
1990 2049 2062 2087 ista
2103 2049 2208 2088 vide-

153 2121 251 2157 licet
283 2120 405 2163 ratio,
442 2130 514 2165 qua
552 2118 591 2152 in
628 2127 759 2153 scenas
798 2116 1013 2153 dividuntur
1047 2120 1175 2162 actus,
1210 2118 1332 2153 minus
1369 2121 1428 2153 est
1460 2118 1595 2155 idonea
1628 2130 1835 2168 parumque
1875 2121 1984 2157 iusta.
2037 2122 2209 2168 Accedit,

155 2194 279 2242 quod,
316 2193 351 2229 si
387 2192 622 2239 quaerimus,
656 2201 744 2225 num
769 2189 874 2225 istud
899 2200 1035 2226 nomen
1061 2202 1176 2225 scena
1202 2190 1274 2226 hac
1302 2190 1451 2237 quidem
1479 2192 1775 2239 significatione,
1813 2206 1885 2241 qua
1912 2198 1973 2230 est
1999 2207 2070 2243 pro
2098 2200 2208 2244 parte

153 2270 273 2312 actus,
299 2265 399 2314 apud
425 2263 543 2301 ullum
569 2265 737 2300 veterum
764 2260 1017 2299 Romanorum
1043 2263 1266 2312 scriptorem
1294 2263 1463 2312 legatur,
1493 2265 1803 2312 quemadmodum
1831 2279 1968 2305 nomen
1997 2274 2110 2306 actus
2136 2281 2205 2317 po-

150 2342 290 2378 testate
317 2339 394 2384 illa,
423 2349 496 2386 qua
523 2339 582 2373 est
608 2347 695 2385 pars
723 2334 883 2381 fabulae,
912 2336 1010 2384 apud
1037 2335 1388 2386 Horatium„apud
1417 2337 1639 2376 Ciceronem
1655 2339 1694 2387 *)
1724 2343 1764 2377 et
1790 2341 1889 2389 apud
1916 2341 2135 2379 Terentium
2145 2340 2205 2392 **)

151 2413 334 2462 scriptum
370 2411 577 2455 invenitur,
613 2409 758 2445 nullum
793 2408 978 2445 eiusmodi
1012 2409 1138 2446 locum
1166 2409 1396 2459 investigare
1424 2422 1636 2459 possumus.
1691 2411 1858 2451 Donatus
1890 2414 2037 2451 demum
2065 2415 2205 2452 scholi·

150 2489 253 2524 astes
271 2484 445 2521 Terentii
470 2494 604 2519 scenas
623 2482 695 2518 ista
720 2481 757 2517 vi
784 2484 823 2518 et
849 2481 1125 2531 significatione
1152 2482 1374 2530 saepissime
1401 2487 1680 2522 commemorat.
1734 2485 1865 2534 ltaque
1892 2487 2090 2524 veteribus
2099 2488 2205 2536 ipsis

150 2558 330 2597 Romanis
357 2556 576 2593 distributio
604 2555 669 2592 illa
695 2557 845 2591 actuum
871 2555 910 2591 in
937 2566 1069 2593 scenas
1096 2555 1247 2592 minime
1273 2555 1348 2592 fuit
1373 2560 1474 2602 nota,
1501 2558 1710 2606 meliusque
1730 2561 1932 2606 omittitur,
1962 2547 2204 2608 quemadmo

150 2632 242 2669 dum
266 2633 372 2668 recte
396 2630 470 2667 iam
496 2629 629 2666 statuit
655 2627 851 2673 Muretus;
897 2628 984 2665 vide
1011 2629 1092 2666 eius
1119 2631 1244 2665 notam
1271 2629 1317 2665 ad
1346 2628 1500 2666 Terent.
1522 2626 1642 2667 Andr.
1670 2631 1708 2678 l,
1746 2633 1783 2680 1,
1812 2634 1849 2671 1.
1906 2634 2084 2671 Ceterum
2113 2645 2201 2673 sce-

149 2715 281 2743 narum
306 2703 450 2741 notatio
475 2702 604 2753 paullo
633 2701 754 2740 serius
781 2701 819 2739 in
845 2700 963 2739 libros
990 2700 1114 2740 Plauti
1142 2704 1201 2739 est
1226 2701 1390 2748 inducta,
1419 2714 1528 2751 quam
1555 2707 1717 2742 actuum.

185 2842 224 2907 ἶ)
245 2865 381 2906 Epistol.
402 2866 444 2898 ad
466 2866 575 2905 Quint.
597 2866 652 2900 Fr.
675 2870 705 2908 1,
728 2869 759 2901 1.
780 2867 833 2901 tiu.
857 2870 891 2902 et
911 2867 953 2902 de
973 2871 1094 2903 senect.
1116 2876 1185 2910 cap.
1210 2869 1260 2902 19.
1281 2870 1356 2911 post
1378 2867 1461 2901 med.

192 2928 237 2968 ⁸⁸)
258 2928 339 2962 Hec.
360 2929 486 2970 prolog.
507 2930 551 2970 Π,
571 2933 623 2962 31.
