2360 3050
1160 119 1212 157 81

156 254 234 289 tam
260 248 377 288 fuisse
403 248 687 299 cogitationu,
720 249 764 286 ιιι
790 246 1018 298 putaverim,
1057 245 1225 284 fortasse
1250 243 1352 295 apud
1376 244 1552 284 Plautum
1578 245 1692 282 etiam
1719 243 1887 284 diverbia
1913 246 2091 284 nonnulla
2117 258 2210 285 con-

157 324 330 361 citatiora
357 335 441 360 esse
467 323 622 368 cantica,
649 322 871 370 praesertim
898 333 983 359 cum
1010 320 1358 364 animadverterem,
1386 319 1425 356 in
1453 318 1674 366 quibusdam
1700 318 1863 364 fabulis,
1890 322 1933 356 ιιι
1959 321 1997 357 in
2023 320 2209 366 Asinaria,

156 395 334 445 Epidico,
363 395 591 441 Cistellaria,
617 394 833 433 Mercatore
859 395 959 432 iusto
987 393 1178 443 pauciora,
1204 393 1242 430 in
1259 392 1384 430 Milite
1410 392 1535 437 etiam,
1563 391 1686 429 fabula
1714 392 1804 430 satis
1831 394 2006 440 motoria,
2033 392 2068 432 si
2096 404 2208 442 prae·

158 472 270 518 cepta
297 469 448 518 quidem
476 469 798 520 grammaticorum
824 468 1071 516 adhibentur,
1098 466 1210 517 plane
1236 466 1379 505 nullum
1406 477 1492 504 esse
1518 465 1716 504 canticum.

265 612 521 654 Veruntamen
548 617 582 654 si
609 616 828 667 opinemur,
854 616 1044 655 interdum
1071 616 1182 654 etiam
1210 625 1257 654 ex
1283 614 1460 653 diverbiis
1485 613 1562 652 hoc
1587 613 1648 652 vel
1674 612 1765 651 illud
1792 613 1946 652 canticis
1973 613 2210 654 adnumerari

156 700 289 738 posse,
315 701 391 725 non
417 701 619 737 possumus
647 701 723 727 non
748 690 996 739 interrogare,
1024 690 1090 738 qui
1116 689 1269 725 tandem
1294 688 1435 725 factum
1463 687 1532 733 sit,
1565 690 1608 723 ιιι
1635 687 1735 736 apud
1762 687 2047 736 grammaticos,
2074 699 2096 725 a
2124 688 2209 736 qui·

157 762 230 801 bus
257 762 306 800 de
332 763 485 800 canticis
514 763 714 809 docemur,
739 762 939 809 Donatum,
965 762 1199 808 Diomedem,
1227 774 1277 800 ne
1302 762 1489 799 levissima
1517 762 1667 808 quidem
1695 764 1843 797 exstent
1867 761 2046 809 vestigia,
2074 772 2097 797 e
2125 762 2210 809 qui-

156 833 229 872 bus
252 834 497 884 intelligatur,
525 835 616 884 ipsis
633 838 765 873 notum
781 835 914 881 fuisse,
941 836 1053 873 etiam
1072 847 1095 873 e
1113 835 1293 873 diverbiis
1308 844 1423 872 unum
1440 834 1646 871 alterumve
1662 833 1829 871 habitum
1848 845 1935 871 esse
1951 845 2023 882 pro
2049 834 2210 871 cantico.

157 906 246 945 Hoc
282 908 400 958 igitur
435 910 581 945 certum
616 911 697 955 est,
733 908 997 959 grammaticos
1033 907 1187 957 quidem
1221 908 1271 946 de
1296 908 1450 946 canticis
1477 907 1678 956 loquentes
1705 917 1781 945 non
1807 906 2005 945 discedere
2030 919 2051 945 a
2079 907 2210 945 solilo-

159 981 271 1028 quiis.
324 979 491 1026 Deinde,
527 981 560 1018 si
595 993 618 1018 e
652 981 829 1018 diverbiis
866 993 1019 1030 quoqne
1052 980 1233 1019 nonnulla
1267 981 1344 1018 sint
1369 981 1532 1026 cantica,
1566 981 1606 1017 in
1635 980 1770 1028 quibua
1797 979 1990 1030 pluribus,
2027 991 2103 1017 non
2130 980 2210 1027 uni,

160 1053 277 1091 verba
301 1053 530 1099 tribuuntur,
559 1054 747 1102 quomodo
773 1054 869 1101 ista,
898 1064 1063 1102 quaeso,
1088 1054 1203 1100 fiant,
1231 1065 1330 1102 quae
1357 1054 1501 1091 cantico
1529 1056 1618 1090 sunt
1642 1052 1818 1102 propria,
1844 1056 1888 1089 ut
1914 1052 2008 1090 alius
2034 1053 2211 1102 loquatur

157 1126 389 1174 recitetque,
425 1126 521 1164 alius
558 1126 689 1173 saltet,
724 1127 820 1164 alius
845 1126 948 1164 tibiis
975 1127 1144 1164 canendo
1171 1127 1306 1164 modos
1331 1130 1442 1175 regat
1468 1131 1508 1164 et
1533 1126 1780 1163 moderetur?
1834 1126 2142 1174 quemadmodum
2170 1127 2210 1163 in

158 1198 311 1236 canticis
346 1198 431 1235 fieri
466 1197 594 1236 Livius
629 1198 714 1248 ipse
748 1199 832 1237 libr.
867 1198 909 1237 7.
944 1210 1027 1248 cap.
1060 1199 1099 1236 2.
1135 1199 1273 1245 docet;
1324 1199 1377 1237 ita
1411 1199 1510 1237 enim
1547 1198 1722 1247 scripsit:
1775 1225 1804 1243 „
1822 1198 1953 1235 Livius
1980 1218 2033 1226 —
2060 1200 2209 1243 dicitur,

156 1282 310 1320 „quum
336 1271 486 1321 saepius
512 1274 710 1310 revocatus
736 1282 867 1310 vocem
895 1271 1119 1319 obtudisset,
1145 1271 1255 1311 venia
1280 1271 1400 1322 petita
1425 1284 1585 1323 puerum
1612 1271 1659 1310 ad
1686 1271 1893 1310 canendum
1915 1275 2002 1310 ante
2018 1271 2209 1310 tibicinem

158 1356 308 1393 „quum
334 1346 548 1391 statuisset,
586 1346 771 1383 canticum
797 1346 925 1395 egisse
949 1346 1140 1393 aliquanto
1161 1346 1281 1394 magis
1307 1346 1458 1395 vigente
1483 1348 1612 1391 motu,
1653 1345 1742 1393 quia
1767 1344 1862 1382 nihil
1888 1345 1992 1382 vocis
2020 1356 2110 1381 usus
2137 1345 2208 1381 im-

158 1416 392 1466 „pediebat;
444 1417 533 1455 inde
566 1417 614 1455 ad
647 1428 795 1455 manum
821 1417 962 1455 cantari
987 1416 1234 1455 histrionibus
1260 1419 1458 1466 coeptum,
1494 1416 1737 1466 diverbiaque
1762 1420 1905 1455 tantum
1931 1417 2099 1466 ipsorum
2126 1417 2211 1454 voci

158 1516 185 1536 „
194 1490 337 1528 relicta.
347 1490 372 1510 ‘⁶
425 1490 532 1538 Quae
567 1501 652 1528 cum
677 1490 732 1528 ita
757 1491 855 1538 sint,
888 1490 1064 1540 equidem
1090 1490 1138 1528 ad
1164 1489 1436 1537 Lindemanni,
1469 1488 1553 1529 Viri
1580 1489 1822 1537 Doctissimi,
1858 1490 2079 1528 sententiam
2107 1490 2211 1527 abire

157 1575 328 1611 nequeo;
379 1563 455 1600 hoc
488 1566 614 1601 tamen
648 1564 778 1601 nescio
812 1576 859 1601 an
892 1563 1167 1608 concesserim,
1201 1563 1267 1599 illa
1302 1563 1491 1610 diverbia,
1530 1564 1571 1601 in
1598 1564 1734 1612 quibus
1755 1554 1965 1601 'animorum
1992 1564 2209 1608 commotio,

158 1635 341 1673 orationis
373 1636 482 1684 vigor
517 1639 559 1673 et
594 1639 803 1673 metrorum
836 1636 893 1673 vis
930 1638 1048 1684 atque
1079 1634 1229 1685 pondus
1264 1633 1377 1672 altius
1411 1636 1598 1685 assurgit,
1630 1635 1796 1674 fortasse
1828 1636 1883 1673 ita
1916 1637 1956 1673 in
1982 1647 2095 1673 scena
2122 1647 2210 1673 esse

158 1696 425 1758 pronunciata,
466 1711 510 1745 ut
534 1708 710 1745 tibiarum
736 1711 869 1745 cantus
896 1707 1097 1745 accederet
1122 1709 1163 1744 et
1187 1706 1366 1746 maiorem
1393 1707 1654 1746 difficultatem
1680 1707 1863 1746 recitandi
1888 1707 2133 1746 histrionibus
2159 1709 2210 1746 ti-

157 1781 268 1818 bicen
306 1781 505 1817 minueret.
558 1780 601 1816 In
643 1791 753 1827 quam
780 1779 933 1827 quidem
958 1780 1181 1817 sententiam
1207 1780 1383 1827 equidem
1409 1780 1595 1817 adductus
1622 1791 1706 1817 sum
1731 1781 1856 1818 verbis
1883 1779 1984 1817 Livii
2009 1791 2125 1829 supra
2151 1780 2210 1817 al-

158 1852 263 1897 latis,
291 1851 424 1899 quibus
450 1851 581 1889 Livius
607 1852 858 1896 Andronicus,
883 1854 1000 1900 poeta
1026 1855 1066 1888 et
1090 1852 1250 1899 histrio,
1276 1852 1316 1888 id
1342 1852 1456 1889 modo
1484 1854 1572 1890 novi
1598 1853 1638 1891 in
1665 1864 1814 1891 scenam
1838 1852 2032 1890 induxisse
2059 1852 2209 1898 dicitur,

158 1928 202 1963 ut
217 1937 390 1975 puerum,
417 1925 483 1972 qui
500 1925 693 1971 recitaret,
722 1924 770 1961 ad
785 1924 975 1962 tibicinem
992 1927 1202 1970 statueret3
1254 1937 1338 1963 nam
1357 1926 1405 1963 de
1425 1925 1579 1963 tibicine
1595 1927 1647 1963 ita
1664 1926 1710 1963 fit
1727 1926 1881 1972 mentio,
1909 1926 2016 1974 quasi
2043 1925 2109 1963 ille
2135 1926 2209 1962 iam

161 2010 207 2037 ex
233 2010 340 2037 more
366 2001 405 2036 et
430 1997 702 2036 consuetudine
727 1998 767 2036 in
792 2008 906 2035 scena
935 1996 1100 2044 fuisset;
1126 1998 1237 2036 aliter
1263 1999 1413 2048 quidem
1440 1999 1547 2048 loqui
1573 1999 1767 2037 debuisset
1785 1998 1928 2046 Livius,
1955 1999 1989 2036 si
2014 2010 2114 2037 nunc
2141 1999 2208 2036 de-

159 2084 261 2111 mum
287 2072 332 2110 ab
349 2072 516 2111 Andron.
543 2071 582 2109 in
607 2082 755 2109 scenam
781 2071 957 2125 inductus
982 2074 1083 2110 esset
1106 2071 1259 2110 tibicen.
1305 2072 1488 2122 Optamus
1506 2086 1608 2119 vero,
1637 2077 1681 2111 ut
1696 2074 1809 2111 etiam
1827 2073 1909 2111 aliis
1927 2073 2022 2110 locis
2039 2084 2085 2110 ex
2102 2077 2208 2110 vete-

159 2157 244 2183 rum
261 2145 367 2182 libris
386 2145 513 2195 petitis
527 2145 623 2182 haec
641 2144 827 2183 sententia
843 2144 1066 2183 stabiliatur.
1106 2144 1163 2183 lta
1179 2149 1305 2184 tamen
1323 2146 1356 2184 si
1373 2149 1542 2185 statuere
1559 2146 1684 2193 liceat,
1708 2157 1755 2185 eo
1770 2145 1893 2185 minus
1912 2146 1998 2193 erit,
2017 2146 2121 2195 quod
2138 2147 2209 2184 mi·

161 2231 312 2265 remur,
345 2219 385 2256 in
412 2217 632 2266 quibusdam
657 2217 783 2256 Plauti
807 2217 942 2256 sabulis
969 2219 1167 2267 pauciora,
1201 2220 1291 2268 quin
1317 2220 1421 2257 nulla
1445 2220 1604 2258 inveniri
1631 2220 1789 2258 cantica.
1839 2218 2057 2257 Istiusmodi
2084 2224 2208 2258 autem

160 2292 288 2329 locurn
313 2291 552 2336 Aululariae,
588 2290 787 2328 admodum
812 2291 1041 2338 motorium,
1070 2291 1112 2328 in
1138 2302 1216 2341 quo
1242 2292 1290 2330 ad
1315 2292 1471 2330 levanda
1495 2292 1749 2339 histrionum,
1785 2291 1921 2340 quibus
1948 2292 2207 2330 vehementius

165 2365 229 2401 hic
256 2364 569 2412 pronuntiandum
603 2363 694 2408 fuit,
726 2364 845 2401 latera
879 2367 1010 2401 cantus
1043 2364 1219 2402 tibiarum
1253 2366 1454 2402 utilissime
1488 2366 1714 2411 accesserit,
1746 2366 1940 2403 nominare
1974 2365 2063 2402 licet
2095 2365 2134 2410 2,
2172 2366 2208 2410 l,

163 2436 307 2474 1—38.
342 2434 451 2486 (edit.
478 2434 738 2487 'l'aubmann.).
791 2436 875 2474 Illic
901 2436 1000 2475 enim
1026 2439 1068 2474 ut
1094 2437 1206 2475 animi
1230 2439 1389 2476 maxime
1414 2442 1503 2475 sunt
1529 2438 1725 2484 concitati,
1759 2437 1813 2476 ita
1837 2448 1902 2474 res
1928 2441 1969 2474 et
1993 2437 2107 2474 verba
2133 2438 2207 2474 ala-

163 2509 287 2546 criora
313 2508 496 2556 evadunt,
531 2511 572 2546 et
605 2512 812 2547 metrorum
845 2509 943 2547 ratio
976 2508 1135 2559 propius
1171 2509 1218 2547 ad
1252 2510 1389 2548 cantici
1421 2514 1590 2549 naturam
1626 2513 1667 2549 et
1691 2510 1739 2548 ad
1765 2509 2000 2547 saltationem
2026 2510 2206 2558 quandam

161 2582 318 2620 accedit.
377 2581 455 2619 Ista
487 2593 727 2620 numerorum
761 2583 882 2621 maior
914 2582 1115 2634 insolentia
1150 2585 1191 2621 et
1225 2582 1431 2621 difficultas
1466 2584 1621 2622 tibicine
1654 2583 1788 2622 modos
1822 2581 2024 2621 adhibente
2057 2581 2208 2621 felicius

112 2687 118 2690 .
161 2654 470 2702 commodiusque
494 2655 593 2692 vinci
619 2658 781 2704 poterat.
832 2656 931 2692 Utut
958 2658 1037 2700 est,
1063 2667 1135 2704 per
1161 2666 1204 2693 se
1229 2667 1305 2693 non
1332 2657 1614 2707 improbandum
1641 2660 1761 2706 puto,
1795 2656 1830 2694 si
1856 2655 1941 2705 quis
1966 2655 2020 2693 ita
2045 2655 2205 2694 animum

159 2728 372 2773 induxerit;
424 2728 491 2766 sed
517 2731 560 2766 ιιι
583 2739 648 2767 res
673 2740 745 2778 per
770 2740 814 2767 se
839 2728 1052 2768 verisimilis
1078 2731 1159 2776 est,
1187 2729 1240 2767 ita
1264 2733 1411 2777 tamen,
1436 2730 1582 2776 fateor,
1609 2730 1772 2767 nondum
1800 2740 1871 2778 pro
1896 2729 1991 2767 satis
2018 2733 2121 2767 certa
2148 2735 2203 2766 at-

163 2811 239 2851 que
264 2800 482 2841 confirmata
507 2800 639 2843 haberi
664 2802 789 2843 debet.
