2360 3050
147 203 381 253 literaeque,
420 202 476 240 εἰσ
502 202 588 252 ipse
613 201 772 240 Plautus
799 202 943 241 vilioris
981 204 1168 241 aestimari
1204 208 1365 254 coeptus
1402 208 1474 244 ent.
1527 205 1662 256 Itaque
1696 207 1866 246 deterius
1901 208 1950 248 de
1976 208 2112 250 Plauto
2138 212 2212 253 iam

146 278 407 316 iudicaverunt
435 276 642 323 scriptores
672 278 895 323 ceteroquin
924 277 1133 312 doctissimi
1161 277 1529 326 elegantissimique,
1568 280 1750 317 Graecam
1784 281 1930 319 scilicet
1957 283 2211 325 eruditionem

148 350 292 388 civibus
310 350 389 386 suis
416 348 605 386 inculcare
632 349 838 385 studiosius
866 350 1001 392 conati,
1029 355 1071 385 nt
1089 350 1267 385 Horatius
1292 356 1359 386 art.
1388 356 1489 398 poet.
1514 363 1568 387 vs.
1590 352 1679 388 27⁰.
1709 357 1748 389 et
1775 355 1884 402 epist.
1912 356 1951 398 2,
1980 356 2069 393 170.
2122 356 2210 405 lpse

148 421 402 471 Quintilianus
440 422 547 468 (inst.
584 425 680 458 orat,
717 422 782 465 10,
826 422 857 465 l,
893 422 977 467 99.)
1016 422 1051 458 in
1089 423 1280 459 comoedia
1317 423 1473 460 maxime
1504 423 1718 462 claudicare
1745 424 1933 464 Romanos
1961 428 2052 465 dicit
2076 441 2208 478 parum

147 506 304 541 curans,
342 494 445 543 quod
473 493 596 532 Varro
633 506 845 531 sermonem
874 494 1084 531 Plautinum
1122 496 1157 532 in
1199 496 1345 532 coelum
1382 509 1504 543 usque
1542 498 1748 534 sustulerit.
1803 500 1909 545 Quae
1937 502 2088 548 quidem
2114 514 2206 551 per·

145 577 257 606 versa
283 567 471 604 iudicandi
499 568 618 613 ratio,
648 579 721 615 qua
748 567 906 603 Romani
935 568 992 604 sui
1020 568 1149 616 populi
1178 569 1328 616 ingenio
1357 569 1550 617 culmique
1577 570 1676 607 haud
1705 570 1839 607 leviter
1866 577 2090 618 nocuerunt,
2119 586 2205 612 eva-

144 641 229 679 nuit
258 640 397 677 sensim
426 639 643 687 sensimque
672 643 712 675 et
739 640 785 676 ad
814 640 962 676 saniora
990 641 1184 677 redierunt
1210 641 1358 677 tandem
1387 643 1622 689 posteriores
1650 647 1754 679 certe
1774 643 2024 682 Romanorum
2044 647 2206 697 scripto-

143 722 222 760 res,
249 715 293 751 ut
320 707 483 757 Gellius,
514 712 592 761 qui,
625 716 763 761 utpote
790 713 1047 762 antiquissima
1073 726 1245 762 quaeque
1273 715 1469 759 admirans,
1498 716 1595 752 haud
1624 729 1754 763 pauca,
1783 729 1880 763 quae
1907 719 2005 765 apud
2033 718 2207 757 Plautum

144 786 339 836 leguntur,
366 789 502 822 tractat
530 789 644 834 atque
673 790 956 831 commentatur,
984 787 1083 824 haud
1112 787 1225 823 dubie
1252 788 1389 836 passim
1418 788 1527 824 etiam
1557 788 1787 836 antiquiores
1817 790 1995 836 quosdam
2024 802 2206 838 gramma·

144 858 243 896 ticos
282 862 449 898 secutus.
506 857 608 895 ldem
638 858 785 896 Gellius
816 859 988 897 Plautum
1023 860 1221 897 verborum
1258 860 1454 897 latinorum
1488 860 1806 909 elegantissimum
1835 863 2002 910 appellat
2027 863 2090 900 lib.
2119 863 2146 901 1.
2173 875 2207 902 c.

142 933 182 970 6.
211 936 251 969 et
277 931 341 969 lib.
366 931 449 969 Vll.
478 943 512 968 c.
540 932 604 969 17.
632 932 820 970 hominem
850 933 1000 982 linguae
1028 938 1142 982 atque
1170 934 1377 982 elegantiae
1404 935 1441 971 in
1469 934 1592 971 verbis
1621 934 1744 971 latinis
1772 936 1992 983 principem,
2019 935 2083 973 lib.
2105 933 2205 974 xlx.

142 1016 177 1043 c.
204 1005 244 1041 Β.
273 1006 390 1041 decus
419 1006 570 1053 linguae
599 1005 749 1042 latinae.
804 1006 939 1054 Neque
967 1019 988 1043 a
1016 1006 1126 1043 laude
1153 1006 1274 1043 Plauti
1301 1007 1444 1043 alienus
1471 1006 1544 1044 fuit
1569 1006 1799 1054 Macrobius,
1834 1007 1899 1056 qui
1926 1008 2075 1048 Satura.
2101 1007 2141 1057 2,
2169 1009 2206 1048 1.

141 1075 317 1116 Plautum
344 1081 385 1116 et
411 1077 640 1116 Ciceronem
668 1079 1003 1128 eloquentissimos
1033 1081 1207 1129 antiquae
1234 1081 1366 1118 aetatis
1395 1081 1498 1118 dixit.

774 1204 872 1256 De
914 1205 1285 1258 Aulularia
1322 1205 1578 1258 Plauti.

248 1307 327 1347 Sed
354 1312 397 1346 ut
424 1309 526 1346 inter
551 1308 806 1347 Romanorum
835 1311 1000 1347 comicos
1027 1311 1230 1359 plurimum
1260 1311 1410 1347 excellit
1437 1310 1608 1355 Plautus,
1636 1309 1699 1355 ita,
1728 1310 1761 1347 si
1789 1310 1933 1348 fabulas
1962 1311 2044 1349 eius
2070 1323 2203 1363 respe-

143 1382 262 1429 xeris,
288 1383 389 1419 inter
417 1395 547 1420 omnes
576 1383 761 1432 insignem
790 1383 990 1421 admodum
1018 1384 1141 1420 locum
1169 1388 1288 1428 tenet,
1317 1396 1413 1432 quae
1431 1383 1622 1420 Aulularia
1639 1383 1816 1433 inscripta
1839 1389 1911 1430 est,
1938 1386 2019 1423 sive
2045 1397 2204 1432 morum,

141 1457 207 1504 qui
234 1457 513 1505 depinguntur,
540 1468 670 1492 verum
698 1457 865 1493 colorem
894 1461 933 1493 et
960 1458 1160 1501 sincerum,
1190 1458 1269 1493 sive
1297 1457 1408 1493 metri
1436 1460 1558 1506 aptam
1587 1456 1895 1505 dispositionem,
1923 1458 2003 1496 sive
2031 1458 2203 1497 alacrita-

138 1533 239 1575 tem,
277 1542 351 1578 qua
379 1531 503 1567 omnia
530 1534 727 1567 moventur
753 1536 1012 1579 agunturque,
1055 1532 1134 1567 sive
1161 1531 1309 1567 tandem
1338 1531 1557 1579 ampliorem
1584 1531 1741 1567 actionis
1769 1533 2045 1579 oeconomiam,
2090 1543 2202 1582 quam

136 1602 279 1649 dIcunt,
307 1606 347 1640 et
375 1603 645 1640 absolutiorem
676 1604 859 1651 quandam
889 1603 1163 1651 perfectionem
1191 1604 1421 1651 respexeris.

249 1696 357 1744 Quae
385 1708 466 1733 cum
496 1696 549 1733 ita
576 1697 664 1742 sint,
692 1696 739 1733 ad
766 1696 861 1733 hanc
888 1696 1048 1733 fabulam
1077 1696 1240 1733 animum
1266 1697 1319 1733 ita
1344 1695 1478 1741 adieci,
1505 1698 1563 1741 ut,
1592 1697 1769 1743 quantum
1796 1707 1868 1745 per
1893 1695 1989 1734 fines
2015 1695 2127 1735 huius
2153 1697 2203 1736 li-

137 1768 230 1806 belli
266 1770 452 1806 arctiores
486 1770 645 1815 liceret,
686 1769 813 1819 paullo
841 1769 961 1805 fusius
990 1770 1276 1817 accuratiusque
1304 1781 1347 1806 ea
1375 1768 1611 1817 potissimum
1638 1772 1870 1816 pertractare
1896 1769 1988 1804 mihi
2015 1780 2202 1819 proposu-

142 1842 256 1888 erim,
294 1855 391 1891 quae
427 1843 485 1887 ei,
527 1844 592 1891 qui
620 1843 784 1879 rabulam
813 1842 981 1878 lecturus
1009 1846 1088 1888 est,
1126 1847 1168 1878 ut
1196 1843 1356 1879 animum
1384 1846 1625 1889 mentemque
1652 1841 1698 1884 ad
1727 1840 1927 1878 lectionem
1956 1842 2062 1890 quasi
2088 1854 2202 1892 prae·

146 1919 276 1965 paret,
312 1920 399 1953 ante
435 1918 588 1965 cognitu
617 1915 829 1953 necessaria
856 1916 1076 1960 videantur3
1130 1916 1410 1965 Prolegomena
1438 1915 1492 1952 ad
1519 1915 1770 1953 Aululariam
1799 1915 1939 1952 dixisse
1965 1915 2090 1952 liceat.
2143 1916 2202 1954 De

138 1989 297 2038 singulis
327 1989 455 2037 igitur,
497 1990 545 2026 de
574 1989 722 2037 quibus,
760 1993 960 2036 antequam
990 1988 1104 2024 lectio
1133 1988 1281 2025 fabulae
1308 1990 1390 2036 ipsa
1417 1988 1627 2031 inchoetur,
1662 1987 1887 2023 monendum
1915 1991 1989 2032 est,
2026 1972 2201 2035 quantum

137 2073 209 2111 per
226 2062 325 2097 vires
345 2062 449 2106 licet,
477 2062 656 2109 deinceps
674 2061 1059 2113 dissererecouabor.
1102 2061 1318 2108 Quanquam
1337 2072 1556 2109 persuasum
1574 2058 1708 2104 habeo,
1738 2058 1848 2095 etiam
1865 2058 1912 2096 dc
1929 2059 1989 2097 his
2006 2060 2119 2098 rebus
2137 2059 2199 2099 lu·

139 2146 234 2180 cem,
262 2138 441 2183 quantum
469 2136 559 2172 satis
585 2136 647 2180 sit,
675 2147 696 2171 a
713 2135 922 2172 Ritschelio
942 2135 1090 2170 demum
1111 2133 1246 2170 Plauto
1264 2134 1415 2170 allatum
1434 2134 1495 2178 iri,
1524 2133 1568 2169 ab
1585 2127 1755 2171 movim
1773 2132 2011 2179 doctissimo,
2039 2134 2104 2181 qui
2117 2134 2200 2172 istis

138 2208 275 2245 studiis
299 2211 420 2244 totum
444 2220 486 2245 se
501 2208 657 2244 tradidit
673 2207 782 2252 adeo,
810 2211 852 2242 ut
866 2207 999 2243 mirum
1018 2210 1155 2254 quauta
1180 2208 1396 2254 sagacitate,
1425 2206 1646 2243 assiduitate
1661 2208 1702 2243 et
1719 2205 1913 2254 diligentia
1929 2204 2106 2253 plurimas
2122 2218 2199 2253 res,

140 2292 238 2329 quae
265 2280 314 2318 de
341 2279 478 2318 Plauto
507 2282 669 2329 eiusque
695 2293 739 2318 re
767 2281 934 2317 literaria
961 2284 1001 2316 et
1029 2280 1160 2316 critica
1186 2279 1386 2329 hucusque
1413 2279 1611 2317 admodum
1639 2279 1678 2316 in
1704 2278 1869 2316 tenebris
1897 2277 1992 2316 sitae
2018 2279 2201 2325 iacebant,

138 2355 211 2391 iam
237 2354 277 2390 in
304 2354 426 2391 lucem
456 2355 698 2402 protraxerit,
727 2357 770 2390 ut
797 2353 1006 2390 clarissime
1033 2353 1082 2390 de
1109 2353 1155 2390 iis
1184 2356 1351 2397 coustet;
1407 2353 1444 2389 id
1475 2352 1576 2400 quod
1604 2351 1695 2388 fecit
1722 2355 1803 2387 tum
1832 2350 1921 2387 olim
1949 2351 1989 2387 in
2015 2351 2075 2397 iis,
2103 2364 2200 2400 quae

140 2426 365 2475 conscripsit
391 2427 430 2463 in
458 2426 714 2474 ephemeridd.
744 2426 846 2462 liter.
874 2425 960 2461 nal.
988 2426 1037 2462 de
1065 2426 1232 2462 editione
1259 2426 1403 2473 aliquot
1417 2424 1542 2461 Plauti
1569 2423 1791 2466 fabularum,
1821 2434 1931 2469 quam
1957 2423 2101 2460 curavit
2126 2422 2199 2461 Vir

141 2498 383 2536 Clarissimus
411 2498 690 2536 Lindemaunus
702 2496 756 2547 *),
782 2501 863 2536 tum
891 2498 1108 2547 nuperrime
1134 2497 1172 2536 in
1200 2498 1367 2536 cditIone
1394 2508 1461 2536 sua
1487 2495 1712 2536 Bacchidum
1740 2497 1854 2544 atque
1880 2493 1920 2533 in
1938 2492 2077 2533 Museo
2094 2493 2198 2534 Rhe·

139 2583 238 2611 nano
256 2570 335 2624 ss).
390 2574 518 2620 Quare
553 2584 601 2609 eo
639 2573 840 2609 instantius
870 2571 983 2609 Viros
1019 2572 1190 2609 doctrina
1226 2576 1265 2609 et
1299 2571 1529 2609 humanitate
1562 2570 1783 2621 praesignes
1816 2568 1953 2605 iterum
1987 2566 2202 2618 iterumque

139 2645 287 2685 veniam
313 2658 410 2697 rogo
437 2658 582 2693 eorum,
610 2658 707 2695 quae
734 2647 819 2695 ipse
845 2646 997 2700 derillis
1024 2647 1136 2684 rebus
1164 2647 1384 2695 conscripsi.
1432 2645 1541 2693 Quod
1565 2647 1703 2690 autem,
1731 2642 1929 2680 occasione
1945 2641 2046 2688 data,
2071 2641 2199 2681 addidi

141 2719 349 2769 quaedam,
385 2732 482 2769 quae
518 2732 594 2759 non
628 2720 675 2757 ad
709 2720 831 2770 ipsam
856 2720 1108 2767 Aululariam,
1142 2720 1211 2760 sed
1246 2721 1294 2759 ad
1320 2731 1402 2759 rem
1428 2718 1616 2761 scenicam
1640 2716 1895 2759 Romanorum
1919 2715 1960 2756 in
1984 2714 2199 2757 uuiversum

180 2863 215 2905 ')
237 2863 308 2897 vid.
330 2864 413 2906 Aug.
436 2864 507 2905 Lit„
521 2864 602 2897 Zeit.
627 2867 718 2897 18:34.
742 2863 805 2897 Nn.
829 2866 900 2897 143.

182 2915 230 2955 “)
256 2916 356 2949 Ucber
375 2918 430 2949 die
450 2917 557 2948 urim:
579 2917 634 2948 des
655 2916 800 2957 Plautus,
822 2918 852 2948 4.
875 2914 985 2958 Jabrg.
1009 2917 1039 2948 2.
1062 2914 1127 2948 und
1147 2916 1179 2949 4.
1200 2912 1291 2950 Hest-
