2360 3050
1162 57 1216 94 19

168 184 396 224 Rhlnthonis
432 183 543 222 istius
577 182 733 229 comici,
770 181 835 230 qui
862 180 1060 231 Syracusis
1088 184 1197 220 uatus
1225 181 1326 221 cirea
1353 179 1564 233 olympiad.
1600 181 1690 221 12⁰.
1718 179 1876 222 Tarenti
1902 182 2052 231 floruit,
2091 197 2113 222 a
2141 196 2219 234 quo

167 259 325 299 traxerit
349 255 668 307 hilarotragoedia
694 255 890 307 originem.
943 255 1001 294 Ita
1027 256 1238 294 statuerunt
1262 252 1333 294 Vir
1359 253 1511 294 Summe
1537 253 1772 294 Venerabilis
1805 254 2038 295 Eichstaedt.
2072 261 2112 297 et
2145 270 2218 298 nu·

165 332 331 381 pertime
345 329 417 368 Vir
434 330 685 375 Clarissimus,
711 329 1220 378 Petersen.Hamburgensis
1232 327 1286 377 *).
1329 329 1504 377 Uterque
1521 330 1600 365 suis
1616 332 1848 378 argumentis
1874 331 1974 368 hand
1999 332 2098 368 male
2123 344 2217 370 usna

170 407 244 441 est.
298 402 375 440 Sed
404 414 628 451 quamquam
663 414 754 451 vere
790 403 1020 451 disputatum
1052 402 1249 447 videatur,
1284 404 1410 439 tamen
1444 402 1489 439 ab
1517 401 1762 450 Epicharmo,
1798 405 1933 451 utpote
1965 404 2086 441 multo
2119 407 2217 443 auti·

167 477 315 526 quiore,
342 479 463 514 totum
476 476 551 514 hoc
565 488 685 526 genus
699 475 975 514 comoediarum
989 476 1028 513 in
1040 475 1254 514 unirersum
1270 475 1421 522 exiisse,
1447 477 1487 513 et
1499 474 1628 525 vulgo,
1656 486 1877 525 quamquam
1890 475 2016 526 paullo
2027 477 2216 517 indoctius

167 552 207 587 et
232 548 498 600 negligentius,
524 548 755 597 Epicharmi,
783 551 826 584 ιιι
853 549 1073 595 inventoris,
1100 550 1250 586 nomine
1275 550 1529 598 nuncupatum
1555 559 1644 585 esse
1669 559 1822 594 censeo,
1856 551 1914 594 ut,
1942 550 1975 586 si
2003 551 2088 598 quis
2114 552 2216 589 seris

166 627 282 670 atque
309 633 429 667 sacra,
457 634 503 659 ex
527 623 641 658 rebus
668 622 842 670 mythicis
868 623 1032 670 repetita
1058 626 1274 671 argumenta
1299 622 1465 658 iocosius
1488 625 1529 658 et
1549 622 1693 658 comice
1707 625 1870 659 tractare
1885 622 2053 668 auderet,
2082 624 2214 661 etiam-

166 696 199 732 si
217 695 381 743 -propius
410 695 456 732 ad
473 695 730 732 Rhinthonem
755 695 869 731 istum
897 695 1110 742 accederet,
1135 699 1261 734 tamen
1285 694 1505 744 Epicharmi
1539 694 1707 732 imitator
1731 694 1844 743 vulgo
1870 699 2080 733 vocaretur.
2133 695 2215 734 No·

163 768 244 805 tum
268 770 392 806 tamen
419 770 491 814 est,
519 779 542 804 a
560 765 778 804 Rhinthone
802 767 879 805 isto
905 779 994 807 vere
1021 768 1266 819 compositam
1284 779 1372 806 esse
1389 766 1633 814 comoediam,
1660 778 1758 816 quae
1772 765 1953 817 inscripta
1970 766 2043 805 fuit
2056 767 2214 818 Arnphi-

163 843 274 885 truo;
327 840 402 876 vid.
429 839 570 876 Athen.
596 839 636 884 3,
664 850 747 887 pag.
775 840 865 876 111.

269 912 362 957 Sed,
387 917 432 949 ut
458 913 623 958 redeam,
650 913 750 949 idem
779 913 976 959 Osannus,
1002 913 1073 951 Vir
1098 915 1363 960 doctissimus,
1391 914 1579 959 ostendit,
1606 924 1675 951 suo
1700 912 1815 950 modo
1840 913 1977 962 viaque
2003 914 2116 962 plane
2143 927 2212 963 pe·

168 984 300 1023 culiari
326 996 435 1023 usum
463 996 549 1022 esse
566 984 754 1031 Plautum,
781 996 920 1034 neque,
947 985 1022 1023 etsi
1048 997 1070 1023 a
1096 985 1251 1024 Graecis
1278 985 1318 1023 in
1343 986 1558 1024 universum
1583 985 1783 1035 repetierit
1807 988 2076 1035 argumentum,
2103 998 2213 1036 pres-

166 1056 244 1095 siu's
270 1059 395 1095 tamen
422 1069 634 1106 quenquam
662 1058 844 1095 comicum
870 1061 913 1095 ut
938 1058 1149 1107 exemplum
1176 1062 1348 1096 secutum
1374 1069 1471 1095 esse.
1523 1058 1577 1094 Et
1601 1058 1717 1104 haec,
1752 1059 1792 1095 ni
1818 1058 1948 1104 fallor,
1989 1063 2050 1095 est
2085 1070 2212 1105 causa,

163 1142 233 1167 cur
257 1131 344 1178 ipse
372 1130 531 1168 Plautus
557 1142 606 1168 ne
633 1131 769 1168 leviter
797 1132 946 1179 quidem
972 1132 1259 1181 significaverit,
1293 1132 1393 1169 unde
1420 1131 1597 1168 sumserit
1622 1133 1877 1181 argumentum
1903 1131 2072 1178 fabulae,
2100 1145 2212 1180 quam

164 1181 479 1251 Amphitriionem
505 1203 708 1252 inscripsit.
762 1203 881 1241 Suum
906 1204 978 1241 sibi
1004 1204 1149 1241 fecerat
1173 1206 1434 1253 argumentum
1459 1204 1639 1242 maiorem
1674 1204 1786 1242 etiam
1819 1204 1859 1242 in
1893 1204 2065 1251 modum,
2101 1216 2212 1253 quam

162 1276 206 1311 ut
231 1276 431 1322 curaverit,
456 1288 478 1312 a
505 1275 663 1312 Graecis
690 1276 790 1311 idem
815 1275 888 1312 iam
914 1276 1059 1324 pluries
1086 1287 1173 1312 esse
1199 1278 1412 1312 tractatum.

265 1348 319 1384 Ει
355 1349 409 1384 ita
444 1349 556 1384 etiam
591 1349 640 1384 de
666 1348 861 1385 Aulularia
888 1348 1125 1384 iudicandum
1152 1359 1304 1384 censeo.
1358 1348 1499 1385 Graeci
1524 1348 1659 1385 comici
1686 1349 1907 1396 saepissime
1932 1354 2211 1397 proposuerant

160 1430 363 1468 personam
387 1420 549 1458 hominis
575 1421 709 1457 mirum
735 1420 776 1457 in
800 1420 952 1457 modum
978 1420 1205 1457 tenacissimi
1229 1420 1511 1468 parcissimique
1538 1423 1578 1458 et
1603 1420 1959 1470 sordibusprorsus
1986 1420 2129 1467 dediti;
2157 1422 2210 1459 ri·

161 1492 287 1531 dicule
321 1495 525 1530 tractantes
564 1492 726 1530 fabulam
752 1493 866 1529 modo
890 1492 965 1529 hoc
991 1492 1104 1529 modo
1132 1492 1198 1529 illo
1225 1493 1375 1529 nomine
1399 1493 1686 1541 inscripserant,
1723 1504 1945 1542 quamquam
1971 1497 2060 1530 sunt
2087 1495 2212 1540 etiam,

162 1567 229 1615 qui
253 1567 410 1612 nomine.
429 1566 522 1602 satis
548 1568 680 1613 aperto
705 1559 962 1615 φιλάργυρον
986 1565 1099 1601 huius
1126 1567 1335 1613 argumenti
1360 1568 1592 1603 comoediam
1618 1569 1910 1612 nominaverant,
1936 1571 1979 1603 ut
2000 1567 2210 1616 Dioxippus

162 1638 255 1690 (vid,
281 1640 420 1676 Athen.
456 1640 520 1682 11,
553 1639 645 1674 472.
679 1641 719 1674 et
753 1639 843 1674 496.
871 1641 912 1673 et
936 1635 1067 1686 503.),
1108 1637 1347 1685 Philippides
1376 1634 1485 1686 (ibid.
1511 1640 1576 1682 14,
1602 1637 1728 1688 (HQ),
1756 1639 2005 1687 Theognetus
2034 1638 2141 1689 (ibid.
2168 1641 2209 1686 3,

160 1710 285 1762 204).
340 1711 557 1759 'l'heogneti
582 1709 708 1746 fabula
733 1708 805 1746 fuit
830 1709 1053 1754 binominis;
1090 1707 1232 1757 legitur
1259 1709 1358 1747 enim
1385 1710 1484 1758 apud
1512 1710 1649 1747 Athen.
1681 1703 1836 1758 Φάσμα
1865 1703 1891 1762 ἢ
1923 1705 2207 1765 Φιλάργυρος,-

162 1796 250 1822 num
276 1782 377 1829 inde,
405 1784 448 1819 ut
477 1781 674 1820 occasione
700 1781 788 1818 data
815 1781 937 1819 obiter
962 1781 1036 1819 hoc
1062 1791 1250 1827 moneam,
1280 1781 1403 1819 Plauti
1430 1782 1664 1819 Mostellaria
1692 1786 1775 1819 orta
1802 1784 1871 1829 sit,
1901 1785 2210 1831 quemadmodum

169 1867 256 1892 esse
281 1854 474 1890 contendit
500 1855 746 1888 Buttmannus
756 1851 830 1901 **),
857 1854 897 1888 id
925 1865 971 1888 eo
996 1854 1175 1888 incertius
1203 1856 1274 1897 est,
1302 1866 1387 1889 cum
1414 1855 1453 1889 in
1471 1854 1595 1890 Plauti
1612 1855 1846 1891 Mostellaria
1868 1867 1979 1892 senes
1996 1857 2061 1892 isti
2080 1857 2209 1894 Theu-

162 1929 315 1978 ropides
342 1931 382 1965 et
408 1926 513 1963 Simo
538 1928 756 1974 neutiquam
782 1927 883 1963 iusto
917 1927 1107 1975 parciores
1142 1930 1356 1975 appareant.
1408 1927 1495 1964 Hoc
1529 1927 1673 1964 attendi
1709 1928 1829 1974 malo,
1865 1929 2023 1966 alterum
2058 1931 2210 1968 titulum

163 2002 275 2039 etiam
302 2000 412 2038 huius
439 1998 586 2038 fabulae
614 2010 701 2037 esse
730 1991 1002 2051 Φιλάργυρον.
1061 1998 1156 2036 Cum
1184 1998 1294 2045 enim,
1321 2001 1364 2036 ut
1389 1998 1560 2045 vidimus,
1587 2002 1662 2037 tam
1689 2010 1803 2050 saepe
1827 2001 1866 2038 in
1882 2011 1993 2039 scena
2010 2000 2087 2039 τοῦ
2113 2000 2208 2053 φιλ-

168 2066 350 2126 αργύρου
376 2083 538 2121 persona
564 2084 587 2109 a
613 2070 802 2109 veteribus
828 2071 981 2108 comicis
1007 2065 1133 2119 poetis
1159 2071 1501 2120 perstringeretur,
1527 2071 1612 2108 fieri
1637 2082 1713 2109 non
1738 2073 1873 2121 potuit,
1902 2072 2004 2120 quin,
2032 2077 2076 2109 ut
2102 2073 2208 2111 Mili-

161 2149 212 2184 tis
240 2146 429 2191 Gloriosi,
469 2146 522 2182 sic
558 2146 672 2182 etiam
707 2145 802 2182 haec
837 2143 913 2181 τοῦ
940 2137 1197 2195 φιλαργύρου
1231 2157 1393 2193 persona
1427 2146 1498 2181 iam
1534 2148 1679 2183 mature
1720 2146 1829 2183 fixam
1858 2146 1964 2193 quasi
1990 2149 2209 2195 certamque

166 2221 357 2269 acciperet
374 2219 530 2256 formam
547 2218 805 2266 speciemque,
832 2220 872 2255 et
890 2220 947 2263 ut,
974 2216 1086 2255 sicuti
1112 2215 1223 2263 dicta,
1250 2229 1346 2266 quae
1372 2217 1516 2255 acutius
1544 2217 1767 2267 breviusque
1793 2230 1837 2256 ac
1862 2216 2023 2256 facetius
2050 2231 2207 2269 genera-

160 2293 229 2332 tim
255 2292 305 2331 de
330 2292 456 2341 aliqua
480 2290 580 2329 vitae
608 2289 847 2339 quotidianae
871 2289 1016 2328 ratione
1044 2292 1084 2329 et
1110 2300 1223 2328 causa
1240 2290 1495 2336 enunciantur,
1522 2291 1744 2339 praesertim
1772 2290 1806 2328 si
1831 2293 1897 2327 aut
1921 2289 2006 2328 loco
2035 2292 2207 2329 nobiliori

164 2370 227 2404 aut
253 2367 298 2404 ab
329 2366 482 2403 homine
516 2364 715 2401 illustriori
741 2363 1004 2413 proferuntur,
1039 2363 1152 2400 altius
1179 2364 1299 2400 animo
1324 2363 1492 2400 insidunt
1518 2366 1558 2400 et
1581 2363 1758 2400 facillime
1783 2364 1986 2401 memoriae
2009 2365 2122 2402 infixa
2148 2370 2206 2402 te—

165 2442 325 2484 nentur,
350 2439 405 2474 ita
431 2438 541 2474 etiam
568 2435 643 2472 τοῦ
671 2429 929 2487 φιλαργύρου
956 2447 1117 2483 persona
1152 2436 1257 2483 quasi
1283 2437 1321 2471 in
1362 2436 1482 2483 ipsam
1517 2436 1630 2471 vitam
1655 2436 1845 2484 vulgarem
1870 2447 2059 2484 usumque
2084 2438 2206 2475 homi-

165 2525 254 2550 num
290 2522 523 2549 communem
557 2504 746 2546 transiret.
798 2508 840 2546 ld
877 2509 978 2557 quod
1011 2508 1152 2546 factum
1188 2511 1248 2545 est
1274 2508 1385 2545 etiam
1412 2508 1461 2545 de
1487 2508 1569 2546 aliis
1594 2507 1809 2546 huiusmodi
1833 2509 2007 2558 personis
2033 2510 2207 2556 scenicis,

165 2597 258 2634 quas
286 2596 332 2623 ex
357 2583 495 2622 fabulis
522 2594 710 2631 scenaque
735 2581 834 2631 apud
860 2584 1009 2620 veteres
1035 2581 1076 2619 in
1101 2580 1408 2620 consuetudinem
1433 2580 1486 2618 ita
1510 2580 1661 2619 venisse
1685 2581 1874 2627 videmus,
1901 2585 1946 2620 ut
1971 2583 2043 2621 iam
2069 2583 2109 2621 in
2135 2595 2206 2622 usu

206 2718 237 2760 ⁸)
259 2718 317 2751 Ille
338 2718 368 2750 in
390 2717 509 2756 libello,
532 2726 626 2757 quem
646 2715 771 2758 scripsit
792 2715 832 2749 de
855 2716 1003 2747 dramate
1025 2714 1218 2747 Graecorum
1240 2713 1520 2756 comico-satyrico
1540 2713 1670 2756 Lipsiae
1692 2716 1792 2754 179³,
1820 2713 1869 2746 hic
1891 2715 1921 2747 in
1944 2716 2204 2758 ephemeridibus,

310 2778 394 2810 quae
421 2768 652 2801 inscribuntur:
697 2768 883 2809 zeitschrift
904 2769 968 2808 fuir
997 2767 1050 2799 die
1078 2767 1494 2807 Altcrthumawissemchafl
1521 2776 1583 2799 von
1611 2767 1669 2799 Dr.
1699 2766 1953 2806 zimmcmana,
1982 2771 2011 2800 3.
2034 2768 2142 2809 Jabrg.
2173 2771 2204 2800 6.

309 2820 398 2852 Hel't.
422 2823 515 2852 1836.

205 2883 250 2923 ⁸⁸)
273 2881 311 2916 In
332 2882 488 2929 Meinekii
504 2882 700 2924 fragmentis-
711 2882 799 2915 Men.
823 2885 859 2915 et
879 2879 962 2914 Phil.
982 2891 1056 2924 pag.
1083 2883 1155 2915 572.

1915 2945 1940 2981 3
1969 2946 1989 2967 n:
