2360 3050
1151 106 1205 147 15

147 240 301 280 dubium
319 243 391 286 est,
409 242 536 276 utrum
551 250 688 276 nomen
705 238 750 275 ab
770 238 853 287 ipso
872 241 986 288 poeta
1005 241 1129 275 ortum
1149 239 1209 275 sit.
1239 238 1396 274 Certum
1414 249 1500 275 esse
1515 238 1677 283 videtur,
1693 239 1906 286 antiquiore
1922 242 2105 288 tempore,
2124 251 2201 289 quo

147 326 282 365 graeca
309 314 431 352 minus
457 313 580 351 adhuc
606 312 785 350 Romanis
813 312 948 350 usitata
976 315 1082 353 erant
1108 315 1147 350 et
1171 311 1382 359 familiaria,
1410 312 1535 362 potius
1562 311 1696 359 latina,
1724 305 1951 362 posteriore,
1981 324 2057 362 quo
2079 313 2199 365 magis

146 389 221 426 iam
245 389 285 424 in
313 388 456 424 deliciis
484 391 597 435 atque
624 387 663 423 in
688 387 957 423 consuetudine
985 398 1070 423 esse
1100 398 1235 436 graeca
1261 386 1501 434 sanctiusque
1528 386 1599 422 coli
1627 390 1762 435 coepta
1788 391 1896 432 sunt,
1932 388 2061 435 potius
2088 398 2198 436 grae·

146 474 191 500 ca
217 462 365 499 nomina
392 475 413 498 a
439 466 553 510 poeta
578 460 698 497 fuisse
723 460 908 509 profecta.
963 461 1018 497 Ita
1045 460 1220 506 Plautus,
1248 464 1292 497 ut
1317 472 1430 509 supra
1456 461 1527 496 iam
1554 461 1728 505 vidimus,
1756 472 1910 508 graeca,
1944 473 2039 508 quae
2066 473 2199 510 parum

145 534 269 580 adhuc
295 534 407 583 vulgo
433 534 670 582 frequentata
695 534 858 579 videbat,
884 533 999 571 latine
1024 534 1072 570 ad
1098 546 1211 571 unum
1240 533 1361 570 omnia
1387 533 1521 577 vertit;
1576 534 1687 570 aliter
1715 533 1933 579 Terentius,
1966 535 2073 570 cuius
2100 538 2199 571 tem-

143 617 241 657 pore
266 608 411 657 graecis
438 607 560 644 literis
588 607 806 655 artibusque
832 609 944 656 atque
970 607 1120 656 linguae
1146 607 1186 643 in
1213 606 1292 643 dics
1319 606 1436 656 magis
1455 606 1925 655 assuescebant'aequales,
1952 606 2070 656 magis
2088 618 2197 655 grae·

145 691 190 718 ca
224 681 372 717 nomina
406 680 598 728 adamasse
634 667 674 716 et
710 680 937 728 imposuisse
971 681 1120 717 videtur
1137 679 1202 726 *)‚
1238 679 1463 728 praesertim
1500 691 1582 716 cum
1610 680 1693 727 ipse
1721 679 1951 716 Graecorum
1980 679 2199 717 literaturae

145 752 353 789 studiosior
380 756 480 789 esset
508 756 547 788 et
574 752 810 800 Scipionibus
850 764 985 802 graeca
1011 753 1209 790 admodum
1236 752 1447 789 colentibus
1474 752 1689 789 familiarius
1717 756 1898 789 uteretur.
1952 753 2113 797 Cicero,
2154 755 2199 789 ut

144 835 260 874 supra
294 825 366 862 iam
401 827 584 862 monitum
622 829 702 872 est,
741 826 1194 864 Heautontimorumeuon
1228 825 1345 864 latine
1372 818 1496 863 iocari
1523 826 1695 874 potuisse
1723 824 1777 863 Se
1802 827 1926 876 ipsum
1946 826 2198 875 poenientem

143 902 274 936 monet
301 897 455 935 Tuscul.
483 898 522 943 3,
550 898 615 935 27.
798 941 802 944 Δ

250 970 375 1006 Huius
403 971 575 1019 generis,
605 982 681 1018 quo
709 972 857 1008 nomina
883 974 1027 1009 tantum
1056 984 1079 1010 e
1103 973 1278 1009 versione
1306 972 1499 1016 oriuntur,
1538 971 1639 1019 quod
1668 971 1819 1019 quidem
1845 962 1945 1007 haud
1972 971 2196 1020 infrequens

143 1043 243 1094 apud
270 1042 455 1082 Romanos
482 1044 566 1090 fuit,
595 1044 764 1094 exempla
790 1046 824 1082 si
852 1046 1087 1095 quaerimus,
1116 1047 1271 1084 Caecilii
1298 1046 1408 1083 Statii
1439 1044 1668 1082 obolostata
1678 1048 1735 1082 ‘et
1760 1044 2003 1082 Foenerator
2029 1057 2194 1083 comme-

141 1121 323 1155 moratur.
376 1118 487 1166 Apud
515 1118 699 1164 Nonium,
734 1120 911 1164 Festum,
941 1121 1104 1157 Gellium
1132 1121 1302 1168 aliosque
1329 1120 1440 1156 modo
1468 1120 1542 1156 hoc
1568 1120 1679 1155 modo
1707 1119 1800 1155 illud
1827 1131 1962 1155 nomen
1988 1119 2129 1167 legitur
2156 1123 2196 1156 et

141 1193 247 1228 recte
272 1192 345 1228 iam
372 1190 456 1236 alii,
485 1193 526 1227 ut
552 1190 762 1237 Mercerus,
789 1192 982 1239 viderunt,
1025 1206 1133 1230 unam
1162 1205 1248 1230 esse
1275 1193 1458 1238 fabulam,
1493 1193 1606 1229 sicuti
1633 1204 1706 1228 una
1733 1196 1794 1229 est
1820 1192 2005 1229 nominum
2033 1192 2194 1229 duorum

141 1264 378 1318 significatio.
431 1263 580 1302 Pariter
614 1265 773 1314 legimus
811 1266 909 1314 apud
936 1265 1096 1303 Nonium
1126 1266 1368 1314 Geniumque
1402 1266 1459 1315 (7,
1494 1264 1551 1313 9.)
1588 1266 1636 1302 de
1665 1264 1815 1302 Laberii
1847 1264 2059 1310 comoedia,
2097 1274 2195 1313 quae

140 1338 354 1374 nominatur
381 1337 592 1373 Catularius
619 1334 712 1386 (vel,
741 1341 784 1373 ut
810 1338 988 1385 equidem
1014 1339 1221 1382 maluerim,
1250 1339 1465 1383 Catularia,
1508 1338 1818 1385 quemadmodum
1846 1337 2081 1374 Mostellaria
2108 1348 2194 1374 cum

140 1408 341 1446 Phasmate
369 1409 499 1445 eadem
526 1406 606 1457 est)
634 1409 771 1454 latine,
809 1420 946 1456 graece
974 1409 1120 1457 Scylax.
1175 1409 1285 1456 Quod
1311 1410 1476 1445 fortasse
1502 1410 1625 1454 dicas,
1661 1421 1683 1445 a
1709 1409 1956 1457 grammaticis
1982 1409 2095 1444 modo
2123 1408 2193 1444 do-

140 1483 284 1519 ctrinae
310 1482 473 1530 speciem
501 1481 760 1518 affectantibus
786 1482 996 1519 versionem
1026 1494 1113 1520 esse
1138 1481 1296 1528 factam,
1326 1482 1401 1520 hoc
1427 1482 1549 1519 miuus
1576 1483 1735 1518 animum
1762 1481 1939 1525 induces,
1967 1481 2001 1516 si
2027 1491 2193 1529 perpen-

139 1555 253 1602 deris,
281 1566 302 1590 a
329 1555 583 1602 compluribus
611 1555 857 1601 scriptoribus
886 1558 924 1591 et
950 1555 1025 1592 hoc
1053 1558 1093 1592 et
1120 1555 1213 1591 illud
1241 1566 1375 1591 nomen
1398 1555 1586 1603 usurpari,
1614 1557 1657 1590 ut
1673 1554 1813 1599 videas,
1840 1553 1878 1590 in
1893 1552 2027 1602 vulgus
2045 1556 2190 1590 utrum-

141 1639 216 1676 que
250 1630 443 1675 receptum
479 1626 611 1662 fuisse.
664 1626 792 1663 Minus
832 1630 938 1663 recte
973 1627 1042 1662 has
1080 1626 1232 1673 quidem
1259 1627 1469 1663 comoedias
1496 1628 1703 1664 binomines
1730 1626 1804 1663 dici
1832 1629 2011 1673 appan-en
2065 1637 2192 1674 neque

139 1700 253 1745 enim,
280 1699 437 1749 proprie
464 1699 498 1735 si
524 1710 603 1735 rem
632 1702 795 1746 spectas,
823 1699 962 1747 duplex
991 1702 1051 1735 est
1076 1709 1225 1744 nomen,
1254 1697 1323 1735 sed
1349 1710 1463 1735 unum
1488 1696 1615 1743 modo,
1642 1696 1750 1734 cuius
1778 1696 1978 1748 diversitas
2004 1701 2148 1737 tantum
2168 1710 2192 1736 e

137 1783 312 1811 sermone
338 1772 554 1820 linguaque,
581 1781 657 1806 non
685 1782 708 1806 e
735 1782 851 1807 sensu
878 1771 1011 1807 oritur.

247 1845 324 1881 Sed
351 1847 394 1880 ut
419 1845 492 1880 iam
519 1843 565 1879 ad
592 1843 752 1879 alterum
777 1855 897 1891 genus
924 1844 1126 1889 veniamus,
1154 1844 1248 1881 aliae
1275 1846 1363 1880 suut
1389 1843 1607 1880 comoediae
1627 1842 1893 1889 Romanorum,
1922 1855 2029 1892 quas,
2057 1856 2189 1893 quem-

141 1918 342 1956 admodum
370 1917 469 1964 apud
498 1917 666 1952 Graecos
693 1916 833 1952 factum
859 1916 1049 1961 videmus,
1082 1917 1227 1953 duobus
1254 1917 1463 1952 nominibus
1491 1917 1631 1953 diversi
1657 1928 1792 1953 sensus
1820 1917 2020 1965 inscriptas
2045 1918 2189 1954 inveni-

136 2002 234 2036 mus,
263 2002 355 2038 quas
382 1990 464 2026 iure
490 1988 697 2025 binomines
725 1989 852 2026 dicere
878 1989 979 2026 licet.
1032 1988 1194 2026 Vaccam
1220 1990 1282 2026 vel
1308 1990 1545 2037 Marsupium
1578 1990 1809 2026 comoediam
1837 1989 2035 2038 Pomponii
2060 1992 2187 2027 Bono-

139 2063 282 2102 niensis
318 2065 583 2100 commemorat
609 2061 787 2099 Priscian.
815 2062 879 2108 10,
905 2061 946 2108 3,
975 2064 1014 2099 et
1040 2051 1206 2099 eiusdem
1233 2065 1373 2111 poetae
1398 2062 1619 2110 Aruspicem
1645 2061 1708 2099 vel
1734 2061 1962 2099 Praeconem
1989 2061 2188 2101 Rusticum

136 2135 284 2174 Nonius
322 2136 390 2172 sub
427 2146 508 2172 voc.
539 2135 703 2184 pariter.
757 2135 880 2172 Etiam
914 2135 954 2172 in
979 2134 1106 2172 Plauti
1142 2134 1348 2173 comoediis
1382 2137 1586 2182 utrumque
1613 2134 1811 2172 titulorum
1838 2135 2041 2185 duplicium
2067 2148 2188 2186 genus

136 2209 281 2258 passim
315 2208 435 2244 fuisse
469 2208 806 2243 animadvertimus.
859 2208 893 2244 Ε
929 2208 1134 2256 deperditis
1172 2207 1296 2243 Plauti
1328 2207 1465 2243 fabulis
1493 2207 1653 2243 Astraba
1687 2207 1773 2256 plus
1800 2208 1919 2244 semel
1944 2213 2188 2256 memoratur,

139 2293 250 2330 quam
278 2281 447 2318 eiusdem
475 2280 716 2317 clitellariam
742 2280 863 2318 fuisse
889 2280 1000 2317 facile
1025 2280 1097 2318 tibi
1123 2281 1370 2329 persuadeas3
1424 2283 1463 2317 et
1487 2279 1758 2317 Mostellariam
1786 2281 1907 2318 Plauti
1932 2282 2051 2320 fuisse
2067 2282 2187 2320 Phas-

137 2365 222 2400 ma,
258 2354 402 2402 pluries
440 2354 512 2390 iam
547 2354 842 2391 memoravimus.
894 2352 998 2391 Vere
1033 2353 1170 2391 deinde
1195 2354 1393 2391 binominis
1419 2353 1492 2390 fuit
1517 2352 1641 2390 Plauti
1667 2353 1812 2399 fabula,
1854 2366 1950 2402 quae
1975 2355 2187 2393 inscribitur

136 2425 254 2464 Miles
284 2426 504 2470 Gloriosus3
558 2438 580 2462 a
607 2425 738 2462 Servio
775 2426 874 2463 enim
908 2426 1082 2463 laudatur
1114 2426 1262 2464 nomine
1289 2426 1602 2476 Pyrgopolinicis.
1656 2424 1802 2463 Deinde
1829 2437 1852 2463 e
1877 2426 2085 2476 deperditis
2113 2440 2187 2466 una

135 2500 315 2548 inscripta
343 2499 417 2536 fuit
449 2498 593 2535 Caecus
601 2513 619 2542 ;
670 2499 766 2536 hanc
793 2500 905 2536 etiam
931 2499 1152 2537 Praedones
1179 2500 1301 2537 fuisse
1326 2500 1485 2546 dictam,
1521 2503 1627 2549 patet
1662 2511 1708 2537 ex
1732 2500 1973 2549 grammatico
2000 2501 2186 2547 charisio,

136 2573 217 2621 qui,
244 2573 347 2620 quod
372 2573 533 2617 mireris,
562 2584 657 2608 unus
684 2573 780 2609 hanc
806 2572 969 2609 fabulam
994 2574 1173 2619 nominat,
1200 2574 1253 2610 ita
1280 2574 1511 2621 quidem‚·ut
1538 2584 1689 2622 semper
1714 2573 1798 2611 fere
1824 2573 1981 2611 dixerit:
2023 2575 2064 2611 in
2087 2574 2184 2612 Gae-

136 2658 180 2684 co
220 2646 282 2684 vel
309 2646 348 2683 in
375 2644 652 2683 Praedom’bus.
706 2646 914 2684 Bacchides
941 2647 1053 2684 etiam
1080 2647 1255 2696 Chrysali
1281 2648 1431 2685 nomine
1457 2648 1626 2693 venisse,
1662 2647 1777 2685 statui
1803 2659 1920 2696 posse
1945 2648 2096 2686 videtur
2122 2661 2184 2687 se-

135 2718 297 2756 cundum
323 2718 564 2769 Fulgentium
599 2718 664 2756 lib.
692 2717 741 2757 de
760 2719 890 2770 prisco
915 2732 1087 2758 sermone
1113 2719 1182 2758 sub
1209 2731 1291 2758 voc.
1317 2725 1443 2771 stega.
1497 2719 1577 2757 lllic
1605 2719 1832 2769 Chrysalum
1857 2723 1902 2758 nt
1926 2719 2051 2760 Plauti
2077 2720 2184 2760 fabu-

132 2791 207 2829 lam
241 2792 389 2836 laudat;
441 2803 573 2829 versus
608 2793 715 2841 ipse:
769 2792 893 2830 Forte
925 2798 972 2831 ut
1007 2793 1138 2831 assedi
1170 2794 1211 2831 in
1244 2798 1360 2844 stega
1391 2793 1532 2844 legitur
1565 2793 1702 2831 Bacch.
1736 2793 1777 2841 2,
1810 2792 1853 2842 3,
1877 2793 1943 2832 44.
1996 2793 2073 2832 Sed
2100 2805 2184 2832 cum

175 2943 211 2986 *J
234 2943 284 2978 Cf.
306 2943 427 2978 Osann.
451 2946 534 2980 anal.
557 2947 626 2980 crit.
648 2957 722 2989 pag.
753 2950 825 2982 161.
