2360 3050
1164 79 1217 116 82

648 201 755 253 De
797 201 1159 272 prologo
1200 203 1725 260 Aululariae.

263 296 321 335 De
347 295 518 347 prologis
545 298 732 355 veterum,
762 296 827 345 qui
854 299 943 334 sunt
968 296 1007 335 in
1033 296 1171 336 sabulis
1200 299 1375 346 scenicis,
1402 300 1636 350 scripserunt
1662 303 1814 351 praeter
1840 299 2082 352 Lessingium
2108 306 2147 340 et
2174 303 2219 341 C.

154 371 201 408 F.
230 371 447 408 Crumerum
468 368 507 419 ¹⁰¹)
544 370 728 418 imprimis
756 369 827 407 Vir
863 370 1034 407 doctrina
1072 371 1334 421 elegantiaque
1368 373 1504 410 mirum
1539 373 1579 411 in
1613 374 1767 411 modum
1802 374 1960 425 insignis
1999 375 2222 413 Eichstaedt

155 444 321 482 lenensis
357 444 396 481 in
431 443 581 489 libello,
627 455 737 492 quem
765 442 815 480 de
843 442 1025 481 dramate
1056 445 1290 483 Graecorum
1318 447 1649 496 comico-satyrico
1677 447 1797 485 edidit
1823 448 1952 497 (pagg.
1979 446 2220 496 98—123.);

154 517 341 562 Osannus,
369 529 480 564 quem
506 517 657 564 saepius
684 517 757 552 iam
784 518 1003 562 memoravi,
1032 518 1070 554 in
1094 518 1284 555 Analectis
1312 519 1455 556 criticis
1483 516 1612 569 (pagg.
1629 517 1870 568 165—180.)
1900 520 1997 558 dixit
2022 520 2072 559 de
2097 521 2219 558 inter-

154 590 362 640 polatione,
392 601 489 637 quae
514 589 754 638 potissimum
782 590 820 626 in
848 590 1030 639 prologos
1058 590 1185 627 Plauti
1213 591 1406 628 ceciderit.
1459 592 1586 629 Addas
1613 590 1749 629 Virum
1777 592 2085 639 Celeberrimum,
2112 593 2219 632 Frid.

157 663 310 709 Baden,
345 663 411 711 qui
452 663 500 700 de
526 662 689 712 prologo
719 663 893 711 exposuit
919 664 958 700 in
986 663 1268 713 ephemeridd.,
1308 675 1399 712 quas
1428 663 1591 701 edendas
1619 656 1750 702 curant
1776 663 1861 703 Viri
1888 664 1997 703 Doct.
2024 666 2150 704 Klotz.
2178 669 2219 703 et

153 733 446 793 Seebodius**).
500 735 589 783 lpse
616 735 665 771 de
681 735 854 784 prologis
871 735 1068 772 Plautinis
1087 736 1223 784 scripsi
1249 739 1544 785 programmate,
1573 737 1677 784 quod
1706 737 1886 775 anenae
1912 738 1951 775 in
1977 737 2099 775 lucem
2125 749 2216 787 pro-

154 809 225 847 diit
260 821 292 846 a.
320 808 447 855 1812,
483 808 549 844 ubi
575 807 614 844 id
640 808 800 844 maxime
828 809 990 856 probare
1017 808 1163 853 studui,
1206 820 1251 845 ex
1278 821 1372 845 nova
1399 809 1591 845 comoedia
1616 810 1799 858 prologos
1827 810 1976 846 venisse
2002 811 2049 847 ad
2076 810 2216 847 Roma-

156 893 239 919 nos,
294 881 420 918 Plauti
447 880 600 929 prologi
628 880 810 916 differunt
838 892 858 917 a
876 880 1126 917 Terentianis.
1180 880 1350 926 Plautus,
1378 881 1483 918 cuius
1510 880 1647 918 fabulis
1675 885 1799 919 tamen
1825 893 1900 919 non
1929 882 2098 920 omnibus
2125 895 2215 931 pro—

156 955 236 1004 logi
265 954 467 1003 praemissi
493 953 747 997 inveniuntur,
774 953 999 1001 plerumqne
1027 954 1064 989 in
1091 953 1262 1002 prologis
1290 953 1426 1002 partim
1452 957 1593 999 monet,
1623 965 1719 1002 quae
1745 954 1936 1003 praescire
1963 958 2217 1003 spectatorem

158 1039 256 1076 opus
275 1030 347 1072 est,
370 1025 604 1073 maximeque
621 1025 668 1062 de
683 1029 903 1073 argumento
918 1026 1066 1062 fabulae
1080 1027 1247 1074 exponit,
1266 1026 1400 1074 partim
1416 1025 1576 1062 fabulam
1592 1028 1848 1074 spectantibus
1862 1027 2109 1071 commendat,
2127 1039 2216 1076 par-

152 1101 220 1139 tim
232 1100 281 1138 de
292 1100 443 1138 nomine
452 1098 549 1137 etde
557 1097 666 1136 fonte
676 1097 892 1136 comoediae
905 1098 1018 1136 verba
1027 1097 1130 1144 facit,
1150 1099 1283 1147 partim
1295 1099 1481 1135 rationem
1491 1099 1655 1147 denique
1662 1100 1789 1136 reddit
1797 1101 1949 1137 aliarum
1960 1113 2098 1143 rerum,
2120 1112 2217 1147 quae

154 1174 200 1210 ad
210 1173 375 1209 fabulam
384 1174 568 1221 spectant.
578 1170 782 1207 Terentius
796 1170 966 1208 omnibus
980 1171 1062 1208 aliis
1074 1170 1222 1208 omissis
1232 1171 1390 1221 prologo
1401 1170 1451 1208 ita
1461 1174 1605 1209 tantum
1617 1171 1746 1218 utitur,
1757 1174 1800 1209 ut
1811 1172 1995 1210 rationem
2004 1172 2137 1210 reddat
2145 1172 2214 1209 do-

154 1250 327 1294 ceatque,
347 1246 411 1292 qui
427 1245 577 1280 fabulae
596 1245 645 1279 sit
662 1244 747 1279 sons
759 1247 797 1279 et
808 1245 930 1291 origo,
951 1247 989 1279 et
1001 1245 1280 1291 quomodoipse
1291 1255 1371 1279 eam
1380 1245 1611 1289 tractaverit,
1630 1243 1835 1281 defendens
1845 1255 1932 1281 sese
1943 1247 2072 1281 contra
2082 1243 2213 1281 adver-

154 1319 334 1356 sariorum
360 1315 558 1354 maledicta
586 1319 699 1363 atque
723 1316 902 1359 convicia,
930 1320 969 1351 et
994 1316 1153 1351 fabulam
1178 1320 1432 1363 spectatorum
1450 1316 1732 1351 benevolentiae
1749 1317 2024 1362 commendans,
2051 1316 2099 1352 cf.
2118 1316 2215 1364 prol.

152 1390 269 1428 Andr.
295 1400 371 1427 vas.
397 1387 516 1427 5—8.
571 1386 776 1425 Terentius
805 1386 926 1432 enim,
960 1387 1102 1436 quippe
1131 1387 1195 1435 qui
1224 1391 1344 1425 artem
1371 1388 1555 1425 scenicam
1582 1400 1665 1424 cum
1695 1387 1957 1436 Scipionibus,
1994 1389 2129 1436 quibus
2155 1389 2213 1425 fa-

154 1463 339 1500 miliarius
365 1462 422 1499 uti
448 1461 523 1510 ipsi
548 1460 730 1509 contigit,
757 1459 923 1508 penitius
952 1459 1022 1495 iam
1052 1462 1091 1496 et
1118 1459 1329 1508 elegantius
1358 1460 1481 1497 animo
1510 1460 1730 1508 concepisse
1758 1463 1797 1497 et
1824 1460 1963 1498 clarius
1993 1461 2099 1508 quasi
2126 1473 2215 1508 per-

153 1537 325 1584 spexisse
351 1534 511 1578 videtur,
539 1533 577 1569 in
610 1544 656 1568 eo
680 1533 836 1568 maxime
863 1543 1014 1578 operam
1041 1532 1250 1578 ponendam
1279 1532 1437 1577 censuit,
1464 1535 1521 1577 ut,
1552 1543 1649 1580 quae
1675 1531 1721 1568 ad
1748 1531 2029 1581 intelligendam
2053 1531 2216 1570 fabulam

154 1607 281 1646 statim
308 1606 353 1644 ab
379 1606 488 1643 initio
515 1605 671 1642 actionis
699 1605 868 1641 scenicae
896 1616 982 1639 cum
1009 1605 1287 1651 spectatoribus
1315 1605 1620 1640 communicanda
1647 1608 1800 1648 essent,
1836 1615 1911 1641 non
1946 1605 2129 1652 prologo,
2170 1605 2215 1640 ab

155 1681 241 1730 ipsa
274 1679 421 1717 actione
457 1678 570 1729 plane
606 1676 755 1715 scilicet
792 1675 937 1721 alieno,
976 1674 1044 1712 sed
1080 1675 1125 1712 ab
1160 1687 1233 1712 una
1270 1675 1452 1713 etaltera
1479 1687 1525 1713 ex
1551 1676 1725 1725 personis
1751 1677 1868 1724 ipsis,
1906 1689 2002 1724 quae
2027 1677 2066 1713 in
2092 1675 2218 1713 fabula

154 1756 283 1802 partes
309 1752 471 1798 habent,
498 1751 621 1800 prima
648 1750 772 1786 statim
800 1759 913 1785 scena
939 1748 1199 1796 aperirentur,
1236 1759 1321 1784 eum
1351 1748 1503 1795 quidem
1530 1748 1569 1784 in
1596 1748 1766 1794 modum,
1803 1751 1847 1785 ut
1872 1749 1971 1786 haec
1997 1748 2069 1785 iam
2095 1748 2216 1797 ipsius

155 1825 313 1864 actionis
341 1828 445 1862 esset
471 1836 579 1872 pars;
634 1835 730 1871 quae
759 1823 911 1871 quidem
937 1823 1036 1858 ratio
1062 1821 1293 1869 probabilior
1319 1822 1393 1869 ipsi
1420 1821 1496 1858 visa
1524 1824 1595 1866 est,
1622 1832 1747 1868 neque
1774 1821 1971 1858 immerito.

263 1898 496 1945 Quamquam
525 1908 681 1941 eorum,
717 1896 783 1943 qui
809 1894 1011 1943 prologum
1039 1895 1220 1939 recitant,
1259 1894 1478 1930 nominatim
1505 1893 1604 1941 apud
1631 1892 1807 1929 Plautum
1833 1894 1928 1930 mira
1955 1896 2014 1930 est
2040 1894 2214 1937 varietas,

156 1970 259 2019 quod
286 1969 498 2019 intelliget,
526 1969 591 2016 qui
617 1967 783 2017 singulas
811 1967 1019 2015 inspexerit
1045 1965 1213 2011 fabulas,
1249 1968 1375 2002 tamen
1401 1966 1439 2002 in
1467 1965 1681 2002 universum
1709 1965 1821 2002 etiam
1848 1965 1948 2013 apud
1973 1964 2147 2002 Plautum
2175 1966 2214 2002 in

160 2054 269 2080 more
294 2041 416 2079 fuisse
443 2041 682 2078 statuendum
710 2043 781 2085 est,
808 2042 851 2076 ut
878 2039 1079 2087 prologum
1106 2041 1237 2087 ageret
1263 2036 1540 2074 adolescentior
1564 2048 1662 2074 unus
1679 2048 1725 2074 ex
1740 2036 2001 2084 histrionibus,
2028 2036 2139 2075 sicuti
2155 2036 2212 2074 di·

157 2115 298 2154 scimus
325 2126 373 2154 ex
400 2112 599 2161 Terentio,
628 2114 692 2162 qui
719 2113 868 2161 prolog.
896 2113 1104 2149 Heautont.
1129 2123 1201 2148 vss.
1229 2112 1266 2148 1.
1293 2114 1333 2148 et
1358 2110 1395 2146 2.
1421 2110 1516 2147 haec
1541 2110 1677 2147 habet:

671 2184 731 2223 Ne
768 2184 828 2222 cui
856 2184 907 2222 sit
933 2186 1100 2222 vestrum
1126 2183 1282 2229 mirum,
1318 2194 1386 2219 cur
1412 2184 1540 2230 partes
1567 2181 1651 2220 seni

672 2257 791 2293 Poeta
818 2257 982 2301 dederit,
1011 2266 1108 2304 quae
1137 2257 1223 2292 sunt
1249 2252 1565 2299 adolescentium

157 2333 261 2380 (add.
287 2344 364 2371 vas.
388 2331 455 2369 51.
482 2333 522 2369 et
547 2328 657 2382 52.);
711 2331 811 2366 idem
838 2330 1002 2378 prologo
1030 2329 1172 2377 Hecyr.
1199 2338 1272 2364 vss.
1302 2326 1415 2363 1—3.
1444 2327 1554 2364 dicit:

675 2402 814 2439 Orator
841 2403 888 2438 ad
915 2414 983 2437 vos
1009 2402 1108 2445 veni,
1137 2403 1270 2437 ornatu
1297 2399 1468 2448 prologi;

677 2474 797 2513 Sinite
825 2478 1002 2513 exorator
1028 2477 1071 2509 ut
1099 2475 1181 2519 sim,
1210 2473 1342 2510 eodem
1369 2476 1411 2509 ut
1437 2472 1523 2508 iure
1549 2471 1607 2508 uti
1633 2482 1762 2510 senem

674 2547 821 2596 Liceat,
850 2559 925 2597 quo
951 2547 1037 2585 iure
1063 2557 1147 2584 sum
1173 2557 1265 2584 usus
1291 2544 1576 2583 adolescentior.

198 2685 231 2725 ⁸)
253 2684 312 2716 lile
339 2692 409 2715 rem
438 2682 586 2715 tractavit
613 2682 646 2715 in
674 2682 817 2715 Dramat.
844 2681 963 2714 Hamb.
995 2690 1065 2721 cap.
1094 2679 1168 2718 VII,
1198 2679 1248 2712 hic
1274 2679 1306 2712 ia
1335 2679 1460 2719 libello,
1499 2688 1595 2720 quem
1624 2677 1801 2719 inscriptus
1851 2677 1960 2711 Ue'ber
1988 2677 2049 2710 den
2079 2679 2212 2722 Ptolo&

304 2734 417 2776 Leipz.
443 2736 535 2767 1776.

199 2797 246 2840 ⁸⁶)
268 2797 480 2830 Nominantur
500 2796 601 2828 istae:
642 2794 736 2829 Neue
757 2795 955 2829 Jahrbiicher
977 2796 1027 2828 siit
1048 2794 1163 2827 Philol.
1187 2794 1251 2826 und
1274 2794 1456 2835 Pfidagog„
1481 2796 1510 2825 1.
1533 2793 1643 2834 Spppl.
1666 2792 1706 2824 Β.
1727 2794 1758 2823 3.
1781 2790 1872 2829 Hert,
1896 2790 2007 2832 Leipz.
2030 2793 2081 2825 bei
2102 2793 2215 2825 Teub-

303 2858 371 2881 ner.
396 2851 496 2888 18323
538 2850 685 2889 legantur
707 2849 749 2879 ibi
772 2858 846 2889 pag.
867 2850 941 2879 441.
963 2857 1046 2887 sqq,
1069 2856 1152 2887 quae
1173 2846 1327 2888 inscripta
1348 2849 1439 2878 sunt:
1475 2844 1543 2876 Vim
1565 2844 1636 2876 dem
1658 2842 1794 2886 Prologe
1814 2842 1859 2874 im
1880 2842 2068 2876 Rbmn‘schen
2089 2844 2214 2876 schau-

304 2900 395 2944 apid.
