2360 3050
1152 78 1211 117 35

152 221 315 259 mosque
341 209 393 247 ita
420 210 549 258 captos
576 210 737 253 teneret,
765 210 807 245 ut
832 207 926 245 haec
951 206 1089 252 fabula,
1106 205 1226 247 ‚sicuti
1253 217 1367 255 supra
1391 205 1465 243 iam
1490 205 1682 252 monitum,
1709 203 1932 245 Diocletiani
1957 208 2077 247 adhuc
2097 213 2194 248 tem-

144 293 239 333 pore
266 294 341 320 non
367 282 449 319 sine
474 292 620 323 summo
647 280 780 330 populi
806 280 942 330 plausu
970 279 1175 330 spectanda
1201 278 1458 328 praeberetur.
1502 277 1652 328 Populo
1680 279 1782 328 quod
1809 279 1927 319 semel
1953 280 2079 320 datum
2099 285 2193 331 erat,

144 356 184 394 id
212 357 362 405 eripere
388 356 460 393 fuit
485 354 758 391 difficillimum.

919 466 1042 519 De
1152 464 1424 517 Lare.

252 582 354 628 Lar,
396 584 460 631 qui
488 583 572 631 ipse
597 582 694 631 prol.
722 594 776 619 vs.
803 582 840 618 2.
868 581 1083 618 familiarem
1112 593 1153 618 se
1180 580 1364 629 appellat,
1399 581 1492 618 deus
1519 580 1688 618 tutelaris
1715 584 1775 618 est
1799 579 1962 619 familiae
1988 582 2193 631 sedemque

145 665 249 693 suam
275 654 389 693 habet
414 655 452 693 in
479 655 604 701 domo,
632 666 740 704 quam
767 656 908 693 tuetur.
960 653 1042 692 Illic
1069 653 1235 692 custodit
1262 663 1418 700 omnes,
1455 643 1668 703 quicunqne
1694 653 1733 692 in
1759 652 1871 692 domo
1897 653 2088 702 habitant,
2124 655 2193 694 sed

144 729 219 774 ita,
254 728 565 777 quemadmodum
600 728 674 777 ipsi
709 728 826 764 tutela
860 728 931 764 hac
968 727 1072 777 digni
1109 731 1199 764 sunt
1233 727 1398 764 moribus
1435 728 1514 764 suis
1550 727 1751 775 cultuque,
1792 738 1903 775 quem
1930 727 2020 765 Lari
2053 728 2192 767 ferunt.

145 800 301 838 Doctius
328 802 526 850 fusiusque
554 802 602 837 de
630 801 788 836 Laribus
817 812 1025 848 eorumque
1052 803 1182 837 natura
1209 804 1248 837 et
1275 801 1324 836 de
1350 801 1579 845 discrimine,
1608 800 1710 848 quod
1735 800 1835 838 inter
1862 811 1928 837 eos
1954 799 2192 850 Penatesque

142 877 222 919 est,
257 874 374 911 locuti
400 878 488 911 sunt
512 872 840 922 mythographi*).
896 874 1052 910 Certum
1080 886 1167 911 esse
1191 858 1362 919 videtur,
1391 873 1534 918 Lares,
1570 874 1604 909 si
1631 874 1785 922 proprie
1812 877 1850 910 et
1875 874 2084 910 accuratius
2111 886 2192 911 rem

143 948 378 995 spectamus,
417 959 462 984 ex
489 947 702 983 hominibus
737 947 920 996 originem
955 947 1096 984 ducere
1110 944 1183 998 *¹'¹).
1237 947 1404 984 Maiores
1440 947 1541 984 enim
1567 947 1647 984 sive
1673 946 1803 995 proavi
1827 949 2025 995 postquam
2052 947 2192 985 mortui

144 1023 262 1066 erant,
291 1021 512 1069 praesertim
539 1021 572 1057 si
601 1021 665 1068 qui
691 1021 858 1057 mitiores
887 1020 1074 1068 simulque
1100 1021 1337 1069 potentiores
1364 1020 1537 1065 fuissent,
1564 1020 1688 1056 divino
1714 1020 1862 1056 honore
1887 1019 1926 1056 in
1952 1019 2092 1056 familia
2115 1020 2190 1057 coli

144 1093 270 1141 coepti
297 1096 404 1138 sunt3
458 1093 558 1130 unde
584 1093 695 1130 facile
723 1093 865 1129 exstitit
893 1092 1053 1130 numinis
1081 1073 1274 1130 cuiusdam
1301 1092 1498 1129 domestici
1525 1092 1643 1137 notio,
1670 1092 1784 1140 quod,
1817 1092 1881 1140 qui
1907 1091 2057 1129 domum
2083 1092 2189 1130 inco-

142 1165 286 1211 lebant,
320 1166 484 1203 tutelare
520 1167 593 1202 sibi
629 1177 715 1202 esse
751 1166 1014 1213 opinabantur,
1053 1177 1128 1213 quo
1163 1169 1295 1202 tuente
1336 1170 1376 1201 et
1403 1168 1553 1201 arcente
1580 1165 1676 1201 mala
1702 1177 1723 1201 a
1750 1165 1861 1200 domo
1888 1165 2190 1212 prohiberentur.

144 1237 278 1287 Neque
311 1239 444 1276 mirum
480 1239 568 1280 inde
594 1239 784 1285 videatur,
824 1239 924 1287 quod
951 1239 1063 1276 etiam
1090 1238 1219 1288 plures
1248 1238 1416 1276 eiusdem
1443 1237 1608 1275 familiae
1632 1241 1887 1275 memorantur
1913 1237 2032 1275 Lares
2058 1238 2190 1276 dome-

141 1311 251 1358 stici,
285 1314 329 1348 ut
361 1311 461 1361 apud
488 1311 611 1348 Plaut.
646 1310 744 1348 Rud.
770 1312 811 1357 4,
839 1312 877 1357 6,
904 1311 964 1357 3.,
1006 1311 1078 1348 etsi
1104 1311 1204 1348 idem
1231 1311 1385 1348 Plautus
1413 1309 1574 1348 Mercat.
1601 1309 1640 1356 5,
1668 1309 1704 1356 1,
1731 1320 1808 1347 vss.
1834 1309 1872 1347 5.
1900 1312 1940 1347 et
1966 1309 2005 1348 Ἰ.
2032 1313 2072 1348 et
2100 1308 2191 1348 Tri-

141 1394 279 1421 numm.
315 1385 356 1431 1,
390 1385 430 1430 2,
468 1385 503 1420 1.
539 1384 588 1420 de
625 1396 701 1420 uno
727 1387 868 1421 tantum
896 1385 1105 1420 domestico
1133 1384 1235 1420 dicit.
1288 1384 1478 1430 Penates,
1517 1394 1611 1432 quos
1639 1383 1792 1420 Plautus
1819 1386 2001 1420 memorat
2026 1382 2190 1422 Mercat-

141 1458 182 1502 5,
211 1458 247 1501 1,
273 1457 311 1494 5.
340 1461 378 1494 et
404 1458 465 1501 7.,
501 1469 522 1493 a
549 1457 648 1493 Lare
684 1457 851 1493 e³usdem
886 1457 1051 1494 familiae
1090 1458 1324 1505 distinguere
1358 1457 1527 1502 videtur,
1567 1468 1692 1503 neque
1717 1460 1843 1493 tamen
1870 1457 1909 1493 in
1936 1460 2091 1505 promtu
2116 1460 2191 1501 est,

143 1528 233 1578 quid
261 1530 310 1566 sit
336 1529 574 1567 discriminis.
629 1527 857 1577 Saepissime
884 1529 1002 1566 Lares
1030 1532 1070 1566 et
1096 1529 1257 1566 Penates
1285 1528 1486 1566 manifesto
1513 1528 1815 1575 confunduntur,
1843 1529 1960 1574 adeo,
1986 1532 2030 1566 ut
2055 1528 2189 1567 eodem

140 1602 247 1647 loco,
273 1602 351 1638 ritu
379 1607 418 1654 et
443 1602 589 1637 honore
615 1601 806 1646 colantur,
833 1601 968 1638 iisdem
994 1601 1204 1650 insignibus
1231 1605 1425 1646 ornentur,
1453 1602 1660 1649 eademque
1685 1600 1814 1638 facere
1839 1601 2053 1646 tradantur3
2099 1602 2190 1650 quin

141 1675 253 1710 etiam
281 1674 431 1710 eaedem
459 1673 667 1708 locutiones
696 1675 734 1708 et
760 1673 936 1721 propriae
963 1676 1002 1709 et
1029 1672 1257 1721 impropriae
1284 1673 1328 1709 ab
1356 1675 1528 1721 utrisque
1557 1674 1741 1721 originem
1767 1673 1915 1710 habent.
1956 1673 2051 1710 Utut
2077 1675 2191 1723 igitur

140 1745 296 1783 difficile
331 1749 390 1782 est
426 1744 561 1781 clarius
588 1744 842 1793 distinguere,
877 1756 947 1781 nec
973 1748 1123 1782 veteres
1150 1746 1225 1793 ipsi
1251 1745 1352 1783 clare
1380 1746 1657 1791 distinxerunt,
1694 1746 1769 1782 hoc
1795 1749 1917 1783 tamen
1944 1749 1987 1783 ut
2013 1747 2189 1795 gravissi-

140 1830 240 1854 mum
268 1817 470 1854 tenendum
498 1820 570 1861 est,
598 1798 759 1852 Penates
786 1816 878 1863 ipsis
905 1817 1088 1853 natalibus
1116 1829 1261 1864 suaque
1289 1819 1434 1866 origine
1462 1830 1548 1854 esse
1574 1819 1677 1854 deos.
1731 1817 1865 1864 Itaque
1891 1817 1943 1854 dii
1970 1819 2056 1863 isti,
2087 1819 2188 1867 lupi-

137 1895 209 1935 ter,
238 1888 343 1935 luno,
371 1888 554 1935 Minerva,
596 1888 661 1935 qui
684 1888 929 1925 communiter
953 1889 1096 1938 templo
1125 1889 1338 1938 Capitolino
1366 1890 1607 1935 colebantur,
1635 1903 1657 1927 a
1683 1889 1878 1927 Macrobio
1906 1891 2055 1928 Saturn.
2082 1891 2122 1936 3,
2149 1893 2187 1929 4.

140 1961 257 2000 totius
284 1960 416 2013 populi
442 1959 600 1999 Romani
626 1959 796 1999 Penates
822 1961 1080 2009 nominantur,
1119 1972 1193 2000 non
1220 1960 1366 2011 Lares,
1407 1965 1541 2013 utpote
1568 1963 1632 2013 qui
1658 1962 1831 2002 homines
1858 1962 1903 2001 ab
1931 1963 2077 2014 origine
2103 1962 2186 2003 fue-

139 2040 241 2073 runt.
297 2036 382 2072 Hoc
418 2035 656 2081 discrimine,
693 2034 798 2082 quasi
832 2034 1096 2081 fundamento,
1132 2036 1207 2071 nixi
1234 2036 1356 2073 omnia
1381 2036 1486 2082 fere,
1529 2048 1624 2085 quae
1650 2036 1699 2074 de
1726 2036 1884 2074 Laribus
1909 2035 2189 2087 Penatibusque

140 2109 398 2158 proferuntur,
433 2107 578 2143 facilius
615 2107 802 2155 explicare
836 2119 1049 2155 possumus.
1102 2108 1155 2144 Et
1189 2109 1348 2145 Laribus
1386 2113 1424 2146 et
1459 2109 1661 2146 Penatibus
1701 2110 1741 2145 in
1774 2109 1862 2145 foco
1898 2110 2023 2146 cultus
2050 2111 2187 2155 fiebat3

113 2191 116 2196 ¹
140 2183 241 2232 apud
268 2183 425 2219 ditiores
453 2184 577 2217 tamen
603 2179 765 2216 Penates
791 2182 909 2229 magis
936 2182 975 2218 in
1001 2182 1177 2230 impluvio
1205 2183 1297 2219 culti
1324 2195 1410 2219 esse
1436 2184 1623 2228 videntur,
1652 2187 1696 2220 ut
1721 2184 1820 2231 apud
1847 2183 2001 2219 eosdem
2028 2184 2187 2220 Laribus

139 2255 344 2305 peculiaria
373 2256 479 2291 erant
504 2251 651 2298 lararia,
678 2252 743 2289 ubi
768 2252 984 2291 Alexander
1011 2253 1197 2301 Severus,
1224 2255 1456 2304 Imperator,
1484 2259 1586 2293 teste
1613 2255 1829 2304 Lampridio
1855 2267 1938 2303 cap.
1965 2255 2029 2293 29.
2057 2260 2096 2293 et
2121 2255 2186 2293 31.

137 2325 367 2367 celebriores
385 2326 553 2364 homines
570 2327 738 2362 mortuos
753 2337 796 2363 re
809 2325 930 2363 divina
940 2326 1103 2366 coluisse
1112 2330 1154 2365 ut
1160 2329 1362 2379 praestites
1375 2327 1552 2378 quosdam
1563 2327 1696 2367 fertur.
1722 2327 1834 2379 Apud
1844 2328 2088 2379 pauperiores
2101 2328 2185 2378 qui-

139 2402 225 2439 dem
253 2402 291 2438 in
318 2401 419 2446 foco,
446 2400 510 2436 ubi
537 2399 643 2435 Laris
673 2402 753 2435 erat
778 2411 841 2435 ara
868 2402 907 2436 et
933 2400 1069 2449 imago,
1095 2401 1184 2437 huic
1210 2402 1352 2438 numini
1379 2402 1587 2438 domestico
1614 2405 1724 2448 ture,
1752 2402 1859 2447 cibo,
1885 2412 2046 2448 corona,
2074 2403 2184 2439 etiam

137 2477 238 2520 vino,
265 2474 467 2512 sacrificari
496 2473 652 2517 solebat,
679 2475 722 2508 ut
747 2473 924 2509 discimus
952 2484 999 2509 ex
1025 2473 1175 2523 prolog.
1202 2474 1328 2511 Aulul.
1355 2478 1394 2512 et
1420 2487 1468 2512 ex
1495 2475 1534 2520 2,
1560 2476 1601 2521 8,
1627 2474 1691 2512 15.
1719 2478 1759 2512 et
1786 2476 1868 2520 16.;
1914 2475 1980 2511 ubi
2005 2475 2100 2512 haec
2126 2474 2183 2512 le-

135 2553 298 2597 guntur:

647 2617 756 2656 Nunc
782 2618 969 2656 tusculum
997 2619 1071 2657 emi
1099 2621 1138 2657 et
1164 2619 1279 2659 hasce
1305 2631 1462 2660 coronas
1489 2620 1646 2667 florea33

175 2794 208 2834 ⁸)
231 2793 281 2826 Cf.
304 2794 457 2826 Creuzeri
478 2794 612 2836 symbol.
636 2798 712 2828 tom.
736 2793 777 2826 11.
800 2804 874 2837 pag.
894 2796 967 2827 844.
990 2798 1024 2827 et
1045 2803 1137 2836 seqq.

176 2856 223 2896 ··)
246 2855 317 2887 vid.
339 2857 460 2896 Apulei.
484 2857 524 2888 de
545 2858 604 2890 deo
625 2857 778 2897 Socratis,
801 2868 874 2898 pag.
897 2860 950 2889 50.
974 2857 1024 2889 ed.
1047 2857 1213 2896 Francos„
1236 2861 1269 2890 et
1291 2858 1442 2891 Creuzer,
1464 2859 1485 2889 l.
1506 2858 1526 2889 1.
1548 2867 1644 2899 pagg.
1666 2859 1739 2890 850.
1761 2860 1794 2889 et
1814 2859 1906 2897 851„
1928 2858 2063 2890 maxime
2084 2867 2181 2900 pagg.

278 2908 352 2940 878.
376 2910 410 2940 et
430 2910 503 2941 879.
990 2920 1002 2927 ·

1817 2958 1963 3012 ,δ’
