2360 3050
1156 118 1205 156 21

150 277 178 297 „
187 253 341 301 guntur.
352 246 426 297 “*)
480 246 733 284 Nihilominus
761 257 783 282 a
807 242 1008 283 Menandri
1032 244 1169 282 fabulis
1196 247 1316 281 ortam
1344 255 1430 281 esse
1455 245 1789 291 consuetudinem,
1824 246 1877 282 ita
1902 247 2115 284 nominandi
2142 259 2205 286 se·

147 333 234 362 nem
260 321 505 361 morosiorem
533 320 762 368 divitemque
789 322 829 356 et
854 318 967 356 simul
992 318 1241 356 sordidiorem
1268 317 1526 366 pecuniaeque
1553 321 1736 363 tenacem,
1765 330 1839 356 non
1867 320 1949 357 sine
1977 333 2088 358 causa
2119 321 2203 368 qui-

120 424 127 441 ,
148 394 235 432 dem
261 394 407 442 opinari
429 393 536 438 licet,
566 392 709 441 quippe
734 401 819 428 cum
846 383 1112 442 φιλαργύρων
1138 390 1359 440 saepissime
1383 390 1613 427 mentionem
1636 391 1773 427 fecerit
1800 390 1864 427 ille
1882 394 1995 440 poeta
2010 392 2202 439 comicus3

150 467 253 515 quod
280 466 391 503 etiam
418 466 642 513 intelligitur
667 476 715 501 ex
741 464 915 513 epistolis
942 463 1196 512 Alciphronis,
1224 474 1335 510 quem
1362 463 1559 500 Menandri
1587 475 1713 500 amore
1742 467 1782 500 et
1808 464 1971 501 lectione
1999 465 2203 502 admodum

148 543 299 587 captum
324 538 443 575 fuisse
470 539 620 573 scimus.
674 538 748 584 Qui
775 536 982 583 Alciphro'n
1011 540 1053 586 ut
1079 536 1237 583 plurima
1264 536 1347 572 loca
1373 536 1571 572 Menandri
1604 538 1643 573 iu
1670 548 1755 572 suas
1785 537 1964 584 epistolas
1991 538 2200 583 transtulit,

147 611 203 649 ita
219 610 307 660 plus
328 610 446 648 semel
465 613 731 647 commemorat
746 609 833 646 illos
850 621 962 646 senes
979 609 1189 646 tenaciores
1205 622 1226 646 a
1244 608 1453 646 Menandro
1474 610 1594 646 acrius
1610 610 1815 658 perstringi
1825 607 1898 660 **).
1934 610 2059 658 Ipsum
2077 611 2199 648 Chre·-

146 685 258 722 metis
284 695 421 721 nomen
448 684 596 731 saepius
624 683 724 731 apud
750 683 1018 731 Alciphronem
1044 683 1186 731 legitur
1212 694 1258 719 ex
1285 681 1484 719 Menandri
1511 683 1716 720 comoediis
1744 684 1993 731 depromtum.

256 757 363 805 Quae
389 768 473 794 cum
500 757 551 793 ita
578 756 674 802 sint,
702 759 744 792 ut
770 756 843 793 iam
870 755 1036 801 redeam,
1062 755 1164 793 unde
1190 755 1382 804 digressus
1410 767 1507 801 sum,
1534 744 1666 804 plures
1692 756 1883 794 exstitisse
1908 754 2114 794 verisimile
2141 760 2203 794 est

149 830 382 867 Graecorum
419 828 652 872 comoedias,
694 829 829 875 quihus
867 840 1000 864 senum
1035 829 1264 864 tenaciorum
1302 839 1430 863 mores
1464 829 1838 877 perstringebantur3
1892 839 2018 876 eoque
2049 828 2200 865 facilius

147 901 303 940 Plautus
320 902 480 940 animum
497 901 675 938 inducere
692 901 828 949 potuit,
855 905 896 938 ut
919 903 1004 950 ipse
1023 901 1183 938 fabulam
1211 905 1457 949 componeret
1484 902 1652 938 eiusdem
1679 902 1899 949 argumenti,
1929 914 2024 948 quae
2046 903 2119 937 iam
2141 902 2200 938 in-

148 974 290 1024 scripta
315 977 377 1011 est
406 972 610 1010 Aulularia.
664 972 743 1010 Suo
770 976 896 1011 tamen
922 973 1034 1011 modo
1056 973 1231 1011 ‘tractavit
1256 976 1516 1022 argumentum
1544 976 1604 1020 et,
1647 973 1797 1012 etiamsi
1824 973 2007 1023 quendam
2034 972 2200 1012 fortasse

147 1051 297 1095 poetam
323 1048 441 1094 magis
468 1049 621 1082 secutus
648 1047 718 1090 sit,
754 1046 912 1082 id2fecit
936 1050 1061 1082 tamen
1087 1047 1263 1091 liberius,
1306 1058 1434 1094 neque
1460 1047 1571 1082 huius
1598 1048 1656 1082 rei
1681 1048 1867 1083 rationem
1893 1047 2054 1083 reddere
2080 1046 2201 1083 voluit

146 1121 186 1157 in
213 1121 385 1167 prologo.
439 1120 523 1155 Hoc
565 1121 662 1156 enim
695 1121 854 1156 interest
887 1121 988 1156 inter
1008 1120 1189 1156 Plautum
1214 1123 1254 1155 et
1280 1119 1520 1164 Terentium,
1558 1121 1661 1166 quod
1689 1122 1764 1156 iste
1789 1122 1911 1156 minus
1938 1122 2109 1155 curiosus
2137 1124 2196 1155 est

146 1191 187 1229 in
211 1191 401 1230 vertendis
429 1191 658 1229 Graecorum
683 1191 818 1228 Fabulis
848 1194 887 1229 et
911 1193 1057 1231 ratione
1083 1191 1295 1238 reddenda,
1334 1191 1396 1229 hic
1438 1192 1667 1242 diligentior.
1722 1192 1900 1230 Ceterum
1926 1194 2038 1232 etiam
2064 1192 2196 1230 Naevii

148 1268 187 1303 et
213 1263 364 1303 Laberii
390 1264 585 1302 Aulularia
610 1267 849 1302 memoratur.
864 1261 948 1313 ***)

339 1376 436 1429 De
470 1382 809 1448 tempore,
860 1397 987 1448 quo
1025 1378 1459 1431 Aululariam
1496 1378 1880 1449 scripsisse
1916 1379 2010 1430 vi-

851 1485 854 1486 ⁷
902 1460 1102 1513 detur
1138 1460 1449 1514 Plautus-

251 1568 336 1614 Quo
354 1571 524 1615 tempore
541 1568 637 1603 hanc
654 1567 883 1603 comoediam
901 1557 1057 1602 Plautus
1078 1566 1344 1614 composuerit,
1363 1566 1499 1603 clarius
1518 1578 1592 1604 non
1611 1572 1779 1616 apparet.
1815 1566 1925 1614 Quod
1943 1567 2039 1603 enim
2058 1566 2097 1603 in
2113 1566 2194 1603 aliis

145 1625 279 1679 fabulis
297 1638 475 1677 nonnulla
491 1638 628 1688 passim
647 1638 906 1688 significantur
922 1637 1078 1675 maxime
1093 1646 1140 1675 ex
1157 1647 1281 1674 rerum
1289 1635 1537 1676 Romanarum
1555 1639 1726 1685 historia,
1743 1651 1790 1676 ex
1808 1639 1942 1687 quibus
1958 1639 2006 1677 de
2024 1642 2197 1688 tempore

146 1713 281 1749 coniici
299 1713 433 1761 possit,
465 1713 504 1747 in
524 1711 726 1755 Aulularia,
757 1721 974 1758 quamquam
992 1710 1056 1745 hic
1073 1720 1225 1758 quoque
1243 1708 1400 1758 plurima
1418 1713 1518 1756 sunt,
1550 1722 1645 1760 quae
1663 1722 1685 1748 e
1701 1710 1954 1749 Romanorum
1969 1711 2136 1749 moribus
2155 1715 2197 1749 et

145 1785 492 1826 consuetudinibus,
512 1795 534 1818 e
550 1783 778 1830 reipublicae
794 1783 976 1817 institutis
995 1785 1106 1828 atque
1125 1793 1147 1816 e
1164 1781 1350 1831 religione
1367 1786 1453 1817 sunt
1468 1785 1644 1830 repetita,
1664 1787 1707 1819 ut
1725 1796 1822 1831 quae
1842 1785 2019 1833 leguntur
2027 1784 2076 1820 de
2084 1784 2193 1827 Fide,

143 1858 193 1894 de
201 1856 362 1901 Silvano,
380 1855 428 1892 de
446 1855 593 1903 legibus
610 1854 845 1902 quibusdam,
864 1853 912 1890 de
928 1853 1031 1899 luxu,
1049 1854 1096 1890 de
1107 1865 1149 1890 re
1159 1853 1347 1898 culinaria,
1366 1857 1489 1891 tamen
1500 1856 1550 1891 nil
1562 1857 1778 1904 investigari
1789 1869 1904 1905 posse
1913 1857 2073 1901 videtur,
2091 1856 2193 1892 unde

145 1929 353 1967 accuratius
387 1926 591 1975 temporis,
615 1930 703 1973 'quo
739 1925 839 1962 facta
864 1925 916 1962 sit
941 1925 1086 1971 fabula,
1123 1926 1219 1962 ratio
1246 1926 1392 1962 institui
1419 1927 1552 1975 possit.
1605 1927 1661 1965 Ita
1688 1940 1797 1974 esse,
1837 1930 1909 1965 iam
1935 1928 2196 1966 animadvertit

143 2001 215 2040 Vir
230 1999 482 2044 Clarissimus,
502 1997 612 2035 Frid.
627 1997 992 2045 Windischmannua,
1011 1998 1076 2047 qni
1089 1998 1127 2035 in
1136 1997 1319 2036 Rhenano
1328 1997 1465 2036 Museo
1473 1996 1577 2048 ****)
1591 2000 1638 2038 de
1656 2000 1866 2039 didascaliis
1884 2001 2070 2039 nonnullis
2080 2000 2193 2038 Plan-

144 2075 233 2112 tinis
252 2075 419 2112 scribens
447 2072 556 2121 plura
582 2071 752 2121 protulit,
765 2062 878 2121 'quae
904 2072 951 2108 ad
977 2071 1161 2121 temporis
1187 2072 1370 2108 rationem
1397 2076 1581 2121 spectant,
1610 2085 1683 2122 quo
1705 2075 1875 2125 singulae
1893 2074 2018 2112 Plauti
2043 2073 2194 2111 fabulae

144 2148 374 2195 compositae
399 2145 604 2181 videantur.
656 2145 726 2180 llle
752 2157 836 2192 pag.
864 2145 953 2182 124.
989 2145 1084 2189 haec
1114 2145 1249 2181 habet:
1313 2170 1339 2189 „
1361 2144 1403 2181 In
1429 2146 1635 2191 Aulularia,
1662 2147 1920 2193 Bacchidibus,
1947 2146 2191 2190 Curculione,

145 2221 365 2270 „Epidico,
400 2218 629 2263 Mercatore,
657 2216 892 2254 Mostellaria
919 2221 959 2254 et
986 2217 1116 2255 Sticho
1143 2230 1204 2254 me
1229 2217 1323 2254 nihil
1349 2218 1538 2256 invenisse
1562 2219 1699 2266 fateor,
1727 2221 1828 2257 unde
1854 2220 1903 2257 de
1930 2231 2057 2257 earum
2083 2219 2192 2255 fabu-

142 2294 297 2342 „larum
331 2295 503 2340 tempore
536 2289 753 2329 coniectura
785 2289 868 2339 capi
903 2290 1036 2339 possit.
1046 2291 1072 2311 ‘⁶
1133 2289 1359 2339 Nuperrime
1393 2289 1443 2328 de
1479 2292 1610 2330 eadem
1651 2305 1694 2331 se
1720 2294 1872 2342 scripsit
1897 2291 2191 2341 Hamburgensis

142 2367 216 2404 Vir
241 2364 507 2407 Doctissimus,
544 2361 763 2415 Peteraen„
798 2363 838 2398 in
872 2362 1172 2415 ephemeridibus
1198 2361 1462 2411 Philologicis,
1498 2375 1591 2411 quas
1618 2364 1658 2402 in
1683 2365 1875 2414 publicum
1902 2365 1981 2402 edit
2006 2364 2189 2400 Zimmer·

144 2433 299 2477 mannus
312 2433 448 2485 *****).
501 2435 572 2473 llle
588 2434 659 2472 Vir
677 2434 918 2472 Clarissimus
942 2435 1178 2484 paucissimis
1201 2438 1347 2471 tantum
1372 2436 1497 2471 verbis
1522 2437 1600 2473 illic
1624 2449 1709 2487 pag.
1734 2438 1827 2474 6408.
1851 2438 1900 2475 de
1915 2437 2106 2475 Aulularia
2132 2436 2190 2472 lo-

183 2592 216 2632 ·)
237 2592 287 2623 De
313 2590 375 2621 isto
404 2587 531 2620 Horatii
558 2587 728 2620 Chremeta
758 2589 923 2628 legantur,
953 2598 1035 2628 quae
1063 2587 1104 2621 ad
1131 2587 1238 2630 Epod.
1270 2590 1300 2628 1,
1327 2590 1378 2620 33.
1412 2589 1608 2631 scripserunt
1629 2589 1854 2622 Mitscherlich.
1878 2593 1911 2623 et
1932 2589 2107 2629 Doering.;
2149 2588 2190 2619 cf.

289 2641 430 2674 Meinek.
451 2639 563 2681 fragm.
586 2640 673 2672 Men.
697 2644 729 2673 et
751 2640 832 2672 Phil.
857 2650 931 2682 pag.
954 2643 1007 2674 81.

182 2706 229 2748 ”)
250 2705 321 2737 vid.
344 2703 435 2745 epist.
452 2705 485 2742 2,
505 2704 538 2743 4,
558 2705 610 2735 50.
634 2702 685 2735 ed.
706 2702 816 2744 Bergl.
838 2713 936 2745 pagg.
959 2705 1032 2735 252.
1056 2706 1090 2735 et
1110 2704 1184 2735 253.

181 2769 242 2810 ”⁸)
263 2767 335 2801 vid.
358 2767 470 2808 fragm.
493 2766 604 2799 comic.
626 2765 722 2798 Both.
748 2776 822 2807 pag.
843 2768 917 2799 203.
941 2769 975 2798 et
994 2768 1067 2798 208.

183 2830 262 2872 ⁸⁸⁸⁸)
283 2829 473 2870 Inspiciatur
493 2836 577 2868 pars,
600 2837 681 2867 qnae
702 2832 852 2860 vocatur:
896 2830 926 2860 1.
945 2826 1056 2869 Jahrg.
1079 2831 1108 2860 1.
1130 2826 1211 2860 Hert
1233 2829 1324 2859 1832.
1346 2837 1443 2869 pagg.
1466 2831 1642 2862 llo-124.

181 2892 269 2932 ”0⁸0
291 2890 414 2922 Titulus
436 2893 502 2921 est:
521 2876 719 2922 'Zeitschr'it‘t
733 2889 782 2920 ffu-
796 2889 847 2921 die
863 2887 1276 2921 Alterthumswnsenschaft
1293 2891 1384 2921 1836.
1400 2889 1457 2921 Nr.
1472 2893 1628 2931 ⁷5—77.;
1650 2891 1838 2926 dissertatio
1859 2892 2011 2936 inscripta
2032 2897 2098 2927 esu
2120 2891 2189 2924 Be·

283 2943 455 2983 stimans
476 2940 535 2975 der
553 2940 639 2982 Zeit,
659 2941 693 2976 in
712 2940 769 2975 der
789 2941 895 2983 einige
914 2940 1131 2976 Plautiniache
1152 2940 1274 2975 Stficke
1293 2945 1403 2975 znerst
1423 2942 1605 2985 aufgeffihrt
1626 2943 1707 2978 sind.
