2360 3050
1142 74 1194 111 ⁰1

135 202 363 253 Fulgentius
383 201 421 239 in
438 200 656 239 universum
674 199 864 239 sublestae
880 199 972 238 fidei
989 200 1038 238 sit
1057 210 1183 250 neque
1200 200 1353 250 praeter
1368 184 1493 251 ipsum
1516 200 1714 251 quisquam
1739 198 1854 240 huius
1880 199 2039 241 nominis
2065 201 2202 243 fecerit

135 278 385 320 mentionem,
417 276 661 311 dubitandum
689 276 849 310 videtur.
905 275 1044 310 Osann.
1072 274 1168 309 anal.
1196 285 1250 309 cr.
1277 285 1363 329 pag.
1393 274 1484 310 164.
1511 278 1621 322 putat
1647 287 1670 311 a
1695 275 1901 324 Fulgentio
1927 275 2091 314 fortasse
2117 287 2206 314 ease

135 350 339 398 scriptum:
395 348 606 384 Plautinus
645 346 875 395 Chrysalus,
913 350 956 381 ut
991 358 1191 394 personam
1219 346 1501 394 significaverit.
1556 346 1667 393 Quod
1696 347 1869 394 quidam,
1909 351 1953 384 ut
1979 348 2138 397 Bothius
2164 348 2206 386 in
2272 389 2275 391 ,

135 422 334 470 fragment.
363 424 403 456 et
430 420 555 456 Plauti
583 423 623 455 et
650 419 878 455 comicorum
907 418 972 454 lat.
1001 430 1087 467 pag.
1116 418 1192 463 12„
1219 419 1427 463 Boeotiam,
1456 429 1552 466 quae
1578 417 1706 456 fabula
1722 419 1845 457 Plauti
1871 421 2017 469 pariter
2042 422 2205 459 aetatem

138 507 212 533 non
247 494 356 538 tulit,
395 494 506 530 etiam
534 493 597 529 Bis
627 492 892 539 Compressam
920 492 1056 527 dictam
1088 503 1174 528 esse
1202 492 1424 539 opinantur,
1457 492 1498 527 id
1526 491 1626 528 unde
1652 492 1871 540 hauserint,
1906 495 2057 539 nescio;
2112 494 2205 542 quin

138 568 263 608 obstat
289 567 490 605 auctoritas
518 564 635 603 Gellii
661 564 700 611 3,
728 564 777 610 3,
815 565 880 612 qui
908 564 957 601 de
985 564 1143 602 Boeotia
1170 568 1210 602 et
1237 565 1300 602 Bis
1330 565 1556 614 Compressa
1582 565 1635 602 ita
1660 564 1844 613 loquitur,
1870 570 1915 604 ut
1940 580 2050 605 unam
2077 568 2128 605 ab.
2149 567 2205 605 al·

137 646 221 680 tera
248 644 380 692 aperte
407 640 622 690 distinguat.
677 637 838 687 Scripsit
865 638 986 675 enim:
1041 649 1112 675 nec
1139 637 1212 676 Bis
1244 637 1471 687 Compressu
1498 650 1569 676 nec
1595 638 1766 677 Boeotia
1792 652 1961 689 unquam
1978 642 2077 689 suit.

246 715 386 750 Novam
395 714 670 755 recensionem,
681 723 789 758 quam
800 711 943 755 dicunt,
956 710 1123 746 eiusdem
1134 711 1351 747 comoediae
1361 711 1500 759 passim
1515 710 1633 747 fuisse
1647 722 1795 748 causam
1810 712 1895 748 novi
1910 713 2142 762 secundique
2155 714 2206 752 ti-

139 789 229 833 tuli,
270 787 382 824 facile
418 787 583 833 quisque
620 785 692 819 sibi
729 784 984 831 persuadebit.
1052 784 1249 819 Eiusmodi
1277 795 1408 820 novam
1435 784 1695 820 recensionem
1723 796 1744 821 a
1772 784 1928 822 Graecis
1956 786 2091 823 dictam
2120 797 2207 823 esse

139 855 364 909 διασκευὴν
397 871 524 906 neque
559 869 646 894 raro
683 868 769 893 esse
816 856 973 901 factam,
1020 857 1206 893 neminem
1243 857 1347 893 latet.
1413 857 1476 893 Sic
1512 856 1705 903 Diphilum
1740 857 1926 902 fabulam,
1972 859 2035 895 cui
2069 870 2207 896 nomen

137 933 211 970 fuit
242 925 558 983 Αἱρησιτείχει,
605 930 742 967 iterum
777 928 943 966 edidisse
977 931 1091 977 atque
1127 929 1389 974 recensuisse,
1425 928 1628 977 denuoque
1662 927 1767 966 aliud
1805 930 2033 979 imposuisse
2069 942 2206 969 nomen

140 999 348 1052 Εὖνούχου
378 997 405 1055 ἢ
432 996 701 1054 Στρατιώτου
737 1001 898 1051 legimus
934 1001 1034 1049 apud
1069 1001 1208 1038 Athen.
1246 1001 1381 1051 Deipn.
1408 1000 1475 1046 XI,
1504 1012 1536 1038 c.
1564 1001 1630 1039 97.
1682 999 1810 1039 Verba
1837 1006 1925 1040 sunt
1952 1003 2069 1041 haece
2124 998 2206 1041 Δι’-

142 1076 267 1128 ‘palos
303 1070 344 1113 δ’
383 1073 428 1113 ἐν
464 1070 657 1124 Εὐνούχῳ
695 1068 723 1125 ἢ
759 1068 1025 1126 Στρατιώτῃ·
1082 1068 1149 1120 ἔςι
1187 1071 1233 1111 δὲ
1269 1071 1317 1110 τὸ
1356 1072 1496 1124 δρᾶμα
1534 1070 1733 1124 διασκευὴ
1761 1073 1838 1111 τοῦ
1863 1070 2201 1126 Αἱρησιτείχους.

247 1150 290 1187 In
324 1149 461 1186 fabulis
489 1149 597 1193 istis,
640 1159 736 1196 quae
765 1147 911 1184 duobus
938 1147 1058 1183 titulis
1087 1147 1225 1184 diversi
1253 1158 1386 1184 sensus
1414 1147 1616 1196 inscriptae
1644 1149 1750 1192 sunt,
1793 1157 1881 1185 num
1919 1148 2028 1186 ambo
2056 1148 2206 1187 nomina

141 1238 162 1262 a
190 1227 305 1273 poeta
330 1224 430 1271 ipso,
469 1222 658 1258 interdum
686 1224 805 1265 certe,
833 1220 976 1257 fuerint
1001 1221 1131 1265 indita,
1157 1225 1200 1256 ut
1227 1232 1297 1269 per
1324 1233 1367 1257 se
1394 1221 1495 1257 haud
1521 1219 1767 1269 improbabile
1795 1224 1866 1265 est,
1893 1221 1947 1258 ita
1974 1221 2023 1258 de
2050 1222 2208 1270 singulis

141 1299 326 1336 incertum
361 1294 548 1339 manebit,
586 1305 671 1329 cum
708 1294 940 1341 grammatici
967 1293 1015 1329 de
1042 1293 1113 1331 hac
1140 1306 1184 1331 re
1211 1293 1265 1331 nil
1293 1297 1468 1332 moneant
1494 1305 1618 1341 neque
1645 1294 1743 1330 scire
1771 1294 1974 1341 quidquam
2000 1296 2208 1344 potuerint,

143 1371 286 1418 quippe
313 1369 358 1405 ab
387 1371 513 1405 aetate
539 1369 736 1414 poetarum
764 1365 917 1401 nimium
944 1365 1093 1403 remoti.
1148 1365 1335 1411 Quantum
1364 1366 1540 1414 equidem
1568 1366 1735 1414 memini,
1762 1378 1948 1416 nusquam
1975 1367 2117 1407 diserte
2138 1367 2208 1406 do·

141 1445 265 1487 cetur,
292 1440 435 1487 duplici
461 1439 612 1474 nomine
638 1449 661 1475 a
686 1440 801 1486 poeta
826 1437 912 1485 ipso
938 1436 1101 1476 fabulam
1128 1436 1241 1475 ullam
1268 1436 1387 1476 fuisse
1415 1441 1596 1477 vocatam.

392 1549 560 1602 Num
598 1550 895 1602 Plautus
933 1517 1366 1602 Aululariam
1403 1551 1560 1621 ipse
1598 1550 1969 1608 invenerit.

252 1667 436 1714 Quaestio
464 1666 537 1701 iam
565 1665 708 1707 oritur,
744 1664 841 1698 hanc
867 1664 1030 1699 fabulam
1057 1664 1212 1699 Plautus
1240 1661 1366 1700 utrum
1395 1666 1479 1712 ipse
1516 1666 1722 1710 invenerit,
1763 1677 1810 1702 an
1853 1677 1899 1702 ex
1934 1676 2072 1715 graeco
2107 1667 2216 1707 fonte

151 1739 313 1791 quodam
339 1739 522 1782 hauserit,
550 1735 863 1785 quemadmodum
891 1735 1113 1771 Terentium
1142 1748 1270 1777 omnes
1298 1736 1457 1779 fabulas,
1486 1741 1526 1772 et
1554 1749 1647 1783 quas
1675 1738 1798 1773 adhuc
1825 1739 2018 1783 habemus,
2051 1744 2091 1776 et
2118 1752 2215 1788 quae

149 1813 391 1857 occiderunt,
433 1821 478 1847 ex
506 1819 644 1859 graeco
672 1818 883 1855 quanquam
910 1806 1065 1844 liberius
1093 1807 1333 1844 transtulisse
1361 1819 1436 1844 non
1463 1808 1691 1854 verisimile,
1728 1809 1797 1847 sed
1824 1813 1967 1848 certum
1995 1815 2054 1849 est
2065 1808 2119 1861 *).
2170 1812 2216 1851 ld

146 1889 185 1925 in
219 1887 350 1936 plures
390 1883 543 1931 quidem
576 1880 791 1917 comoedias
828 1880 940 1915 etiam
977 1879 1099 1915 Plauti
1140 1880 1297 1925 cadere,
1334 1880 1419 1927 ipse
1455 1883 1568 1927 poeta
1602 1880 1689 1929 plus
1726 1892 1802 1918 uno
1837 1882 1999 1933 prologo
2036 1887 2213 1932 testatur,

150 1964 190 1997 et
226 1959 338 2003 licet,
385 1958 427 1992 ut
460 1966 576 2003 supra
608 1954 680 1989 iam
717 1952 899 1987 monitum
935 1955 1015 1997 est,
1057 1953 1211 2000 antiquo
1246 1953 1319 1988 iam
1355 1955 1527 2000 tempore
1562 1953 1601 1990 in
1637 1953 1805 2003 prologis
1840 1955 2075 2004 potissimum
2111 1957 2216 1996 haud

147 2034 243 2071 levis
279 2029 470 2068 exstiterit
503 2026 768 2075 interpolatio,
804 2028 928 2061 tamen
961 2024 1027 2061 illa
1060 2026 1163 2073 ipsa,
1206 2025 1341 2073 quibus
1369 2025 1418 2061 de
1445 2026 1595 2063 nomine
1623 2029 1663 2064 et
1689 2031 1910 2077 argumento
1938 2028 2146 2069 fabularum
2172 2030 2213 2070 in

147 2106 320 2156 prologis
355 2104 537 2146 docetur,
574 2101 797 2148 plerumque
824 2111 845 2134 a
872 2098 1008 2134 Plauto
1044 2098 1130 2146 ipso
1166 2103 1251 2135 orta
1277 2102 1318 2134 et
1345 2099 1487 2146 scripta
1515 2111 1601 2136 esse
1626 2101 1812 2139 videntur.
1866 2102 1909 2140 Iu
1934 2103 2097 2154 prologo
2123 2103 2214 2143 Asi-

149 2191 228 2219 nar.
255 2178 435 2229 leguntur
459 2186 515 2214 vs.
544 2173 608 2211 10.
633 2171 770 2210 verba:

718 2263 772 2273 —
801 2244 904 2282 Huic
931 2255 1067 2282 nomen
1096 2256 1233 2294 graece
1260 2247 1319 2281 est
1346 2243 1499 2294 Onagos
1525 2244 1686 2294 fabulae,

666 2318 913 2367 Demophilus
942 2319 1104 2366 scripsit.
1157 2318 1311 2354 Marcus
1338 2319 1456 2355 vortit
1483 2319 1673 2358 barbare..

666 2392 876 2428 Asinariam
903 2391 982 2426 volt
1009 2402 1108 2437 esse,
1137 2391 1170 2426 si
1197 2402 1268 2439 per
1294 2402 1362 2427 vos
1390 2391 1491 2429 licet.

257 2469 301 2509 lu
327 2467 486 2507 casinae
511 2465 609 2516 prol.
636 2476 692 2502 vs.
718 2464 784 2501 39.
811 2463 906 2500 haec
933 2467 1041 2500 sunt:

671 2537 928 2576 Clerumenoe
954 2540 1108 2574 vocatur
1134 2537 1229 2575 haec
1256 2538 1453 2576 comoedia

671 2611 843 2662 Graece3
897 2610 1011 2647 latine
1041 2609 1266 2649 Sortientes.
1322 2610 1500 2661 Diphilus

668 2684 778 2722 Hanc
805 2697 940 2734 graece
967 2685 1140 2733 scripsit;
1194 2686 1322 2734 postid
1350 2697 1499 2722 rursum
1525 2684 1649 2724 denno

677 2758 815 2795 Latine
842 2758 1002 2795 Plautus
1030 2770 1114 2795 cum
1140 2759 1291 2796 latranti
1316 2760 1481 2796 nominc.

195 2912 227 2949 ⁶)
249 2908 300 2942 ct.
322 2908 375 2938 vit.
399 2904 543 2937 Terentii
565 2904 649 2944 apud
671 2904 871 2936 Suetonium.
