2360 3050
1154 104 1210 144 δῖ

160 234 411 283 Quamquam,
449 236 492 271 ut
531 232 606 271 hoc
631 231 757 270 statim
787 234 827 269 et
853 231 898 270 ab
924 231 1034 270 initio
1059 242 1250 275 moneam,
1286 232 1437 267 veteres
1465 230 1602 267 Graeci
1629 233 1668 267 et
1691 229 1851 267 Romani
1877 230 2000 268 minus
2026 230 2217 270 subtiliter

159 307 257 346 hanc
276 320 357 346 rem
373 309 578 344 tractantes
596 305 813 343 nominatim
831 305 928 343 fines
943 305 1057 343 haias
1077 303 1337 342 alliteratienis
1355 315 1486 353 parum
1504 304 1683 341 distincte
1710 304 1988 341 constituerunt
2014 307 2054 341 et
2081 304 2214 342 obser·

158 384 304 418 varunt.
359 379 482 417 Huius
517 382 641 417 antem
678 378 823 428 figurae
849 390 940 415 usus
968 389 1078 427 quam
1106 377 1182 414 late
1207 379 1347 426 pateat,
1375 377 1448 413 iam
1477 388 1523 414 ex
1551 389 1596 414 eo
1623 377 1787 423 videbis,
1831 377 1932 426 quod
1967 377 2039 416 iam
2066 377 2105 416 in
2130 377 2215 429 ipae

156 452 320 504 prologo
346 452 560 491 Aululariae
585 452 686 490 hand
711 464 831 502 panca
857 451 1028 501 exempla
1053 450 1401 500 deprehenduntur,
1427 453 1471 487 ut
1496 462 1570 487 vss.
1596 450 1791 488 27-80.=

671 544 724 554 —
827 544 882 552 —
985 544 1041 553 —
1144 543 1198 551 -
1284 523 1318 560 si
1343 523 1460 561 vellet
1487 523 1620 568 daret;

671 598 766 636 Nam
795 599 1019 648 compressit
1045 609 1127 635 eam
1153 597 1203 633 de
1229 607 1375 633 summo
1402 597 1620 633 adolescens
1649 597 1749 634 loco.

671 671 708 708 Is
734 673 807 708 scit
833 672 1067 716 adolescens,
1095 681 1192 718 quae
1218 670 1292 716 ait,
1314 680 1425 717 quam
1452 671 1749 719 compresserit,-

672 741 744 782 Illa
771 744 877 782 illum
899 731 1044 783 nescit.

161 816 290 856 Habes
325 817 409 863 hic,
445 816 546 865 quod
581 828 699 865 genus
727 820 786 854 est
811 816 1090 861 alliterationis‚
1124 814 1481 854 homoeoteleuton:
1536 817 1676 863 vellet,
1714 816 1847 861 dame,-
1898 816 1974 853 sct‘t
1999 833 2053 843 —
2079 816 2132 853 sit
2158 833 2211 843 —

162 890 434 939 compresserit
442 903 458 933 ;
512 888 612 936 quod
639 890 825 937 repetitur
850 900 986 926 nomen
1015 887 1238 925 adolescens
1265 892 1305 926 et
1331 900 1538 937 pronomen
1567 890 1654 935 ille,
1692 889 1730 926 id
1759 889 1893 926 eodem
1919 887 2057 926 referri
2083 886 2212 933 debet,

160 965 207 998 nt
232 962 286 998 nil
313 962 431 997 dicam
458 962 506 997 de
533 962 792 1006 alliteratione,
822 973 919 1009 quae
946 973 1035 998 esse
1057 961 1208 997 videtur
1232 962 1273 997 in
1299 973 1359 1006 eo,
1389 962 1489 1009 quod
1515 962 1696 1010 legimus:
1751 961 1854 998 Nam
1884 980 1939 988 -
1965 973 2063 998 eam.

267 1033 375 1072 Hanc
401 1033 688 1071 alliterationem
716 1034 962 1082 antiquissimi
989 1034 1173 1072 sermonis
1201 1034 1305 1071 latini
1333 1035 1491 1071 maxime
1517 1034 1635 1071 fuisse
1661 1035 1867 1083 propriam,
1896 1035 1968 1071 iam
1996 1033 2084 1070 olim
2110 1032 2212 1070 haud

161 1107 271 1158 pauci
312 1110 534 1152 senserunt3
585 1108 791 1145 accuratius
835 1119 916 1145 eam
951 1107 1211 1157 explicuerunt
1250 1106 1377 1145 Ioann.
1414 1107 1550 1146 lovian.
1587 1107 1776 1145 Pontanus
1812 1110 1852 1145 et
1888 1107 1935 1145 G.
1970 1106 1999 1144 Ι.
2034 1104 2211 1151 Vossius,

161 1180 226 1217 hic
260 1180 299 1217 in
325 1178 487 1216 Institut.
516 1179 639 1225 om„
675 1180 740 1217 ille
776 1180 815 1217 in
843 1179 989 1230 Dialog.
1027 1181 1206 1229 quodam,
1242 1180 1303 1217 cui
1340 1192 1475 1217 nomen
1502 1181 1634 1226 Actio;
1689 1180 1753 1217 alii
1788 1180 1905 1229 magis
1940 1178 2211 1228 significarunt,

164 1263 275 1302 quam
310 1252 526 1299 diligentius
562 1252 791 1299 docuerunt,
835 1264 879 1289 re
926 1253 1072 1290 scilicet
1107 1265 1181 1290 non
1216 1253 1382 1303 penitius
1417 1253 1587 1301 indagata
1629 1257 1669 1290 et
1703 1256 1916 1302 perspecta.
1982 1251 2211 1300 Nuper-rime

162 1325 312 1363 demum
328 1324 544 1362 doctissime
561 1328 600 1361 et
616 1325 805 1374 copiosius
823 1326 871 1363 de
886 1326 956 1363 hac
976 1326 1226 1374 antiquissimi
1253 1326 1410 1363 Romani
1437 1326 1621 1363 sermonis
1649 1326 1736 1374 lege
1764 1329 1803 1362 et
1825 1324 2096 1361 consuetudine
2115 1323 2211 1360 scri·

163 1399 242 1446 psit
267 1396 338 1433 Vir
371 1397 513 1445 ingenii
547 1397 720 1433 ubertate
756 1398 952 1434 admodum
987 1398 1226 1446 praecellens
1259 1397 1447 1434 Naeckius
1482 1395 1739 1447 Bonnens.*).
1793 1397 1876 1433 Illic
1910 1407 2005 1444 quae
2040 1394 2212 1443 exempla

151 1471 273 1509 -lmius
300 1470 557 1507 alliterationis
583 1468 653 1507 Vir
680 1470 920 1508 Clarissimus
948 1472 1150 1519 congessit,
1180 1483 1406 1518 quamquam
1435 1482 1481 1507 ex
1509 1472 1591 1507 aliis
1621 1482 1774 1518 quoque
1801 1470 2070 1517 scriptoribus,
2096 1472 2140 1504 ut
2165 1478 2213 1504 ex

165 1542 362 1588 Terentio,
382 1540 556 1591 Virgilio,
576 1543 753 1579 maiorem
773 1546 895 1580 tamen
913 1546 1058 1592 partem
1080 1546 1201 1580 sumta
1212 1546 1299 1580 sunt
1308 1555 1353 1580 ex
1364 1543 1522 1589 Plauto;
1550 1542 1798 1592 quippeapud
1809 1554 1932 1590 quem,
1949 1544 1992 1579 ut
2001 1541 2118 1590 magis
2128 1540 2211 1578 vul-

163 1628 304 1667 garem,
320 1615 374 1652 ita
391 1615 635 1662 antiquiorem
646 1614 898 1652 Romanorum
916 1626 1128 1652 sermonem
1144 1616 1266 1652 adhuc
1280 1616 1472 1660 habemus,
1490 1617 1528 1652 in
1550 1628 1624 1664 quo
1636 1616 1699 1652 illa
1709 1615 1942 1652 consuetudo
1953 1615 2061 1663 quasi
2069 1614 2214 1651 habitat

163 1690 357 1737 multoque
366 1688 524 1725 validius
540 1688 663 1724 haesit
680 1691 793 1735 atque
810 1689 956 1733 mansit,
973 1700 1082 1735 qnam
1100 1689 1198 1737 apud
1218 1701 1346 1726 omnes
1360 1689 1453 1725 alios
1465 1689 1715 1726 Romanorum
1726 1691 1946 1738 scriptores,
1964 1701 2013 1726 ne
2023 1687 2211 1725 Terentio

165 1762 317 1811 quidem
334 1763 506 1809 excepto,
534 1760 598 1808 qui
617 1772 791 1797 sermone
809 1772 899 1797 usus
918 1761 991 1797 iam
1006 1761 1173 1810 politiori
1191 1762 1311 1798 minus
1327 1761 1399 1798 hac
1416 1761 1666 1799 alliteratione
1682 1762 1889 1799 delectatus
1912 1761 2033 1799 fnisse
2051 1760 2212 1798 videtur.

272 1834 415 1873 Mirum
452 1833 551 1870 enim
579 1836 658 1879 est,
695 1833 796 1881 qnod
822 1833 895 1870 ista
920 1833 1173 1881 consuetudo,
1213 1846 1322 1883 quam
1350 1846 1396 1872 ex
1423 1829 1567 1885 origine
1595 1838 1634 1873 et
1660 1847 1705 1873 ex
1731 1835 1912 1873 natalibus
1941 1834 2019 1872 suis
2047 1833 2212 1872 sermoni

163 1909 334 1947 Romano
359 1906 602 1943 domesticam
628 1907 893 1953 propriamque
918 1905 1038 1944 fuisse
1064 1907 1410 1953 animadvertimus,
1437 1908 1524 1944 inde
1549 1919 1571 1944 a
1597 1908 1746 1953 Plauto,
1774 1908 1873 1957 apud
1900 1919 2013 1956 quem
2039 1906 2213 1944 similiter

164 1985 279 2031 atque
303 1980 342 2018 in
366 1978 588 2028 fragmentis
614 1978 783 2024 aliorum,
812 1979 876 2026 qui
903 1978 1002 2028 apud
1018 1978 1205 2017 Romanos
1220 1980 1363 2017 fabulas
1381 1982 1547 2018 scenicas
1563 1984 1866 2037 qomposuenmt,
1893 1981 2129 2030 potissimum
2145 1991 2211 2017 an-

163 2054 381 2104 tiquiorum,
407 2051 563 2089 maxime
589 2051 710 2088 adhuc
737 2050 937 2097 invenitur,
964 2053 1082 2102 magis
1108 2052 1316 2102 magisque,
1343 2057 1544 2102 postquam
1571 2054 1741 2092 doctrina
1769 2054 1949 2103 quaedam
1977 2058 2017 2092 et
2044 2052 2210 2091 eruditio

170 2127 364 2175 maiorque
400 2124 586 2161 subtilitas
622 2135 831 2160 sermonem
857 2123 1066 2162 Romanum
1100 2126 1277 2173 incessit,
1314 2126 1505 2163 imminuta
1541 2130 1603 2164 est
1639 2130 1678 2165 et
1702 2127 1892 2177 paullatim
1918 2126 2002 2165 fere
2028 2125 2212 2171 abolevit3

174 2200 250 2239 etsi
275 2209 463 2246 nunquam
489 2209 644 2245 prorsus
673 2201 903 2233 evanuerunt
934 2199 1112 2247 vestigia,
1149 2211 1244 2247 quae
1278 2200 1415 2247 partim
1441 2211 1512 2248 per
1534 2203 1656 2236 totum
1682 2211 1893 2236 sermonem
1921 2201 2080 2248 eiusque
2104 2203 2213 2236 natu-

168 2285 248 2312 ram
275 2271 518 2318 indolemque
543 2270 581 2306 in
608 2270 817 2306 universnm
845 2271 1145 2318 conspiciuntur,
1180 2273 1317 2320 partim
1345 2273 1442 2320 apud
1470 2273 1639 2320 singulos
1667 2274 1871 2320 scriptores
1898 2274 2017 2321 magis
2043 2274 2212 2309 minusve

168 2347 256 2385 sunt
289 2345 445 2382 servata.
499 2341 584 2380 Non
619 2341 761 2379 alienus
799 2344 858 2380 est
891 2342 936 2379 ab
971 2343 1044 2381 ista
1078 2344 1329 2382 alliteratione
1356 2343 1581 2391 Terentius,
1621 2345 1695 2383 etsi
1721 2345 1804 2394 ipse
1830 2344 1965 2383 Plauto
1991 2345 2063 2383 iam
2089 2345 2212 2383 rarius

166 2429 213 2458 ea
231 2418 363 2461 utitur,
391 2418 430 2453 et
453 2415 592 2452 maiore
618 2415 701 2451 fere
727 2426 810 2451 cum
837 2426 926 2452 cura
951 2418 991 2453 et
1016 2416 1182 2454 delectu.
1215 2417 1495 2466 Saepenumero
1523 2429 1603 2455 eam
1628 2417 1837 2455 invenimus
1864 2417 1964 2467 apud
1982 2416 2210 2467 Virgilinm;

168 2490 270 2540 quod
296 2501 371 2527 non
396 2488 585 2533 miramur,
618 2500 701 2524 cum
727 2488 794 2524 ille
821 2489 1053 2536 antiquitatis
1079 2490 1286 2526 studiosior
1313 2491 1363 2527 sit
1389 2494 1504 2539 atque
1531 2492 1735 2537 amantior3
1787 2491 1996 2540 elegantius
2022 2494 2145 2528 tamen
2172 2494 2213 2528 et

164 2564 298 2604 maiori
334 2562 491 2612 quadam
527 2565 608 2599 arte
643 2561 708 2599 ille
742 2562 864 2611 figura
896 2562 969 2600 ista
1002 2563 1059 2600 uti
1087 2564 1159 2601 scit
1185 2576 1260 2601 non
1285 2565 1399 2602 modo
1426 2565 1473 2602 ad
1500 2566 1706 2602 orationem
1733 2565 1955 2611 ornandam,
1989 2564 2065 2602 *sed
2091 2565 2211 2614 magia

165 2637 302 2683 etiam,
326 2639 370 2672 ut
394 2638 531 2685 augeat
556 2634 708 2684 lepores
734 2633 981 2684 Veneresque
1008 2647 1266 2683 numerorum,
1296 2648 1391 2686 quos
1419 2637 1616 2675 admodum
1642 2637 1844 2675 artificiose
1871 2640 1911 2674 et
1935 2636 2213 2686 perfectissime

166 2722 191 2749 a
215 2708 375 2758 Virgilio
402 2708 597 2745 confectos
624 2720 711 2745 esse
737 2708 888 2745 scimus.
941 2708 1137 2746 Rariorem
1163 2710 1273 2747 istius
1300 2710 1445 2760 figurae
1472 2721 1580 2747 usum
1608 2711 1932 2748 animadvertimus
1959 2710 2058 2760 apud
2085 2709 2210 2748 Hora·

166 2783 274 2828 tiam,
301 2783 443 2830 quippe
459 2794 594 2830 graece
610 2782 807 2830 insigniter
829 2783 981 2819 doctum
1008 2786 1048 2820 et
1073 2783 1246 2832 politum,
1271 2779 1379 2821 adeo*
1395 2784 1558 2832 quidem,
1586 2787 1628 2819 ιιι
1654 2784 1817 2831 iniquius
1844 2783 1928 2820 fere
1953 2784 2210 2832 antiquissima

209 2935 244 2977 ὑ)
265 2934 360 2975 Vide,
382 2944 465 2976 qaae
486 2936 633 2977 leguntur
652 2935 684 2969 in
705 2936 797 2977 libro,
820 2935 872 2977 qui
888 2936 1057 2978 inscriptus
1078 2941 1148 2970 est:
1191 2936 1304 2970 Rhein.
1325 2937 1409 2970 Mus.
1430 2939 1461 2970 3.
1482 2935 1594 2978 Jahrg.
1620 2939 1713 2970 1819.
1734 2946 1809 2978 pag.
1831 2937 1903 2969 324.
1924 2945 1998 2977 sqq.
