2360 3050
677 246 785 284 Haec
809 247 1051 294 imponentur
1076 247 1114 283 in
1142 247 1230 283 foco
1258 250 1389 284 nostro
1416 228 1532 294 Lan-z,

681 318 737 355 Ut
762 318 975 356 fortunatas
1000 318 1114 356 saciat
1140 322 1275 368 gnatae
1302 320 1475 369 nuptias;

161 390 211 431 cf.
239 390 452 430 Trinumm.
477 390 515 437 1,
543 390 584 437 2,
614 390 676 429 1.=

682 463 821 501 Larem
847 467 1018 502 nostrum
1045 476 1185 503 corona
1212 464 1383 503 decorari
1409 464 1512 511 volo,

165 542 205 576 et
232 537 397 575 Rudent.
422 537 462 583 4,
489 537 530 583 6,
558 536 617 573 1.=

537 609 666 657 Atque
693 608 846 656 adorna,
873 613 916 647 ut
941 621 1022 648 rem
1049 611 1209 649 divinam
1236 611 1382 658 faciam,
1410 622 1496 650 cum
1522 612 1624 650 intro
1650 610 1854 658 nanneto,

539 682 699 720 Laribus
726 683 986 729 familiaribus,
1014 696 1099 721 cum
1126 688 1310 721 auxerunt
1337 688 1503 722 nostram
1531 684 1718 722 familiam.

167 756 289 795 Lares
316 756 461 805 pariter
488 767 532 792 ac
550 755 713 793 Penates
741 757 786 793 ab
804 756 977 794 Etruscis
994 757 1152 796 Romani
1179 758 1374 806 recepisse
1398 758 1589 794 videntur.
1641 756 1724 794 Lar
1750 767 1884 795 nomen
1909 754 1985 794 fuit
2010 754 2228 803 Etruscum,

169 830 273 880 quod
301 829 503 875 dominum,
527 829 607 866 sive
633 828 843 879 principem
870 833 910 867 et
936 824 1152 882 προςάτην
1178 832 1218 868 in
1245 832 1460 868 uuiversum
1487 831 1722 879 significabat
1733 829 1785 875 ¹⁸¹).
1838 831 1969 878 Itaque
1995 833 2034 867 et
2061 830 2226 867 Penates

170 908 211 941 et
236 903 357 940 Lares
384 902 563 938 Romanis
590 904 679 938 sunt
704 902 869 951 proprii,
894 914 970 939 non
998 914 1214 940 communes
1243 915 1327 940 ciun
1356 903 1525 947 Graecis,
1554 903 1619 950 qui
1646 903 1748 939 varie
1773 902 2015 951 interpretati
2039 901 2230 938 nominant

171 987 237 1013 eos
264 971 397 1018 θεοὺς
422 973 535 1011 modo
563 967 797 1024 πατρῴους,
825 974 939 1011 modo
968 969 1228 1024 γενεθλίους,
1256 976 1370 1013 modo
1398 969 1610 1026 κτησίους,
1641 975 1754 1012 modo
1781 968 2085 1018 κατοικιδίους,
2113 971 2230 1011 modo

169 1043 343 1096 μυχίους
370 1043 584 1096 (Penates),
612 1047 725 1082 modo
755 1039 959 1096 ἑρκείους.
1015 1047 1173 1084 Romani
1201 1059 1331 1085 eorum
1358 1048 1499 1085 cultum
1526 1048 1757 1096 repetierant
1784 1047 1829 1085 ab
1857 1046 2053 1092 Etruscis,
2085 1045 2131 1083 ab
2158 1046 2231 1083 ista

171 1124 300 1172 geute,
327 1120 427 1170 apud
456 1131 566 1168 quam
595 1119 766 1156 severior
791 1118 863 1155 fuit
888 1120 1024 1169 religio
1050 1121 1250 1168 pietasque
1277 1122 1441 1157 sanctior
1466 1122 1505 1157 in
1532 1121 1648 1165 deos,
1679 1121 1767 1157 hinc
1794 1120 1944 1169 penitus
1965 1118 2118 1156 Larium
2145 1116 2229 1155 cul-

170 1196 250 1231 tum
278 1192 323 1230 ad
352 1204 455 1230 suam
483 1191 707 1241 religionem
732 1191 893 1229 Romani
920 1192 1161 1231 admiserant.
1213 1193 1395 1231 Videmus
1421 1195 1537 1242 igitur
1563 1194 1738 1230 Plautum
1766 1194 1879 1229 etiam
1905 1194 1989 1238 hic,
2015 1195 2059 1228 ut
2085 1191 2231 1240 saepis·

174 1267 286 1311 sime,
312 1277 451 1314 graeco
477 1265 584 1300 fonte
611 1268 727 1312 atque
754 1264 948 1313 exemplo,
977 1265 1010 1302 si
1037 1266 1137 1314 quod
1164 1266 1203 1303 in
1230 1266 1422 1304 Aulularia
1448 1266 1520 1303 fuit
1547 1269 1723 1312 secutus,
1761 1265 1917 1311 relicto,
1953 1264 2109 1303 liberius
2135 1263 2232 1301 acri-

174 1340 299 1388 psisse
326 1338 590 1374 admiscentem
619 1337 796 1385 palliatae
822 1338 1054 1383 comoediae,
1081 1350 1178 1386 quae
1203 1350 1360 1387 prorsus
1389 1338 1556 1375 Romana
1583 1342 1703 1376 erant.

284 1411 464 1448 Ceterum
498 1409 694 1446 familiaris
718 1409 795 1445 Lar
827 1409 931 1446 haud
965 1410 1077 1446 dubie
1111 1411 1151 1446 in
1186 1422 1333 1448 scenam
1370 1411 1514 1459 prodiit
1549 1410 1651 1459 pelle
1686 1411 1815 1447 canina
1848 1410 2005 1446 vestitus
2039 1409 2235 1458 pilumque

177 1496 289 1521 mauu
315 1487 460 1524 tenens,
490 1482 621 1528 quales
648 1481 804 1518 Larium
830 1482 1011 1531 imagines
1038 1482 1263 1531 plerumque
1289 1482 1691 1532 repraesentabantur,
1716 1493 1808 1521 cane
1835 1482 1969 1531 etiam,
1999 1480 2091 1521 fidei
2117 1480 2235 1521 simu·

182 1556 300 1603 lacro,
328 1556 431 1593 iuxta
458 1550 668 1605 posito**).

327 1689 424 1741 De
462 1687 992 1758 alliteratione,
1028 1689 1223 1743 euius
1261 1691 1581 1764 exempla
1616 1689 1971 1746 adduntur
2009 1706 2090 1744 ex

1025 1786 1410 1839 Aulularia.

293 1899 388 1938 cnm
415 1899 490 1936 hoc
516 1897 950 1948 libellolproposuerim,
979 1911 1054 1938 non
1082 1900 1249 1951 singulos
1277 1901 1383 1939 locos
1410 1900 1626 1940 Aululariae
1652 1899 1795 1946 critice,
1822 1901 1866 1937 ut
1891 1898 2008 1945 aiunt,
2032 1900 2096 1936 aut
2114 1908 2241 1948 gram·

184 1974 319 2012 maticc
328 1976 502 2017 tractare,
523 1973 591 2009 sed
604 1984 648 2009 ea
657 1972 692 2008 iu
703 1974 867 2010 medium
875 1973 1063 2021 proferre,
1084 1986 1193 2021 quae,
1209 1973 1337 2021 siquis
1348 1955 2242 2018 studiosiorsitl’lauti,eum'adlectiouemhuius

184 2045 334 2084 fabulae
361 2044 467 2093 quasi
494 2048 742 2094 praeparent,
777 2056 853 2083 non
889 2045 934 2083 ab
961 2058 1007 2083 re
1033 2058 1119 2084 esse
1145 2045 1255 2092 duxi,
1291 2047 1324 2083 si
1351 2046 1399 2083 de
1425 2048 1581 2084 materia
1608 2056 1858 2094 exponerem,
1896 2056 1994 2093 quae
2030 2043 2076 2081 ad
2111 2053 2242 2081 omnes

189 2118 339 2168 quidem
365 2117 491 2154 Plauti
526 2116 671 2154 fabulas
706 2119 892 2167 pertinet,
929 2119 999 2157 sed
1025 2118 1120 2157 adeo
1148 2120 1246 2169 apud
1274 2119 1380 2156 illum
1407 2119 1582 2165 invaluit,
1620 2121 1665 2156 ut
1692 2118 1864 2164 demum,
1897 2116 2046 2166 quando
2073 2117 2242 2155 curatius

190 2192 237 2229 ad
273 2203 354 2228 eam
389 2190 513 2227 lector
545 2191 707 2227 animum
743 2191 909 2229 adiicere
943 2192 1138 2240 coeperit,
1178 2191 1358 2229 orationis
1385 2190 1580 2229 Plautinae
1602 2191 1704 2238 yim,
1736 2190 1926 2241 ingenium
1954 2192 1994 2228 et
2021 2188 2243 2240 elegantiam

188 2259 314 2303 'verius
331 2263 575 2312 penitiusque
583 2263 797 2312 intelligere
814 2265 1012 2313 animoque
1028 2267 1230 2314 concipere
1245 2265 1379 2313 possit.
1431 2265 1526 2301 Dico
1546 2258 1866 2310 alliceratz‘onem,
1891 2273 1967 2312 quo
1985 2262 2150 2308 nomine,
2176 2260 2244 2311 qui

193 2347 293 2375 nunc
319 2338 408 2372 aunt
435 2338 498 2372 aut
520 2346 643 2385 nuper
666 2335 833 2385 suerunt,
862 2339 1183 2388 grammaticarum
1198 2350 1322 2375 rerum
1342 2338 1570 2385 interpretes
1588 2337 1701 2386 vulgo
1717 2337 1826 2373 iatam
1841 2336 2026 2373 dixerunt.
2068 2333 2249 2380 Veteres,

194 2420 416 2459 quamquam
432 2408 540 2457 plura
556 2409 705 2447 uomina
723 2414 843 2458 erant,
869 2409 1096 2460 plerumque
1119 2413 1170 2458 et,
1196 2413 1304 2460 puto,
1331 2410 1526 2460 aptissime
1550 2422 1631 2448 eam
1657 2413 1840 2448 vocarunt
1866 2409 2247 2452 meminationem5
2293 2407 2297 2412 ’

194 2494 217 2520 a
245 2482 424 2525 Graecis,
444 2472 503 2516 ‘ut
537 2481 610 2518 alia
646 2484 796 2520 nomina
831 2487 1091 2532 praeteream,
1126 2484 1286 2520 maxirne
1321 2475 1557 2534 παρήχησις
1591 2482 1691 2520 dieta
1717 2484 1798 2528 est;
1850 2481 1900 2520 de
1925 2480 2010 2524 aliis
2036 2479 2248 2518 nominibus

194 2554 392 2605 legantur,
428 2562 525 2600 quae
550 2555 710 2607 protulit
732 2554 787 2594 lo.
816 2557 907 2595 Chr.
935 2553 1113 2606 Theoph.
1139 2554 1296 2593 Ernesti
1322 2556 1361 2594 in
1388 2560 1553 2605 utroque
1579 2555 1703 2593 lexico
1730 2554 1997 2606 technologa'ae
2021 2552 2250 2592 rhetoricae.

240 2738 273 2779 ·)
293 2737 369 2770 Hac
390 2735 533 2777 generali
554 2733 690 2766 nominis
712 2731 782 2764 Lar
801 2735 966 2774 potestate
988 2731 1135 2764 facillime
1155 2731 1224 2764 fieri
1246 2731 1368 2773 potuit,
1400 2734 1436 2763 ut
1457 2729 1558 2764 Lares
1579 2730 1707 2764 Etrusci
1730 2734 1764 2763 et
1784 2728 1923 2762 Romani
1945 2729 2025 2762 alios
2046 2738 2173 2770 quoque
2192 2739 2252 2763 vo·

344 2792 459 2821 carent
480 2796 586 2819 rerum
607 2787 813 2824 locorumque
834 2794 1042 2824 quoacunque
1063 2782 1236 2828 προςάτας
1257 2785 1325 2816 sive
1345 2783 1514 2825 praestitas
1536 2783 1754 2823 dominosque,
1776 2786 1813 2814 ut
1834 2782 1968 2822 viarum,
1990 2782 2141 2822 vicorum,
2162 2791 2253 2815 com-

346 2841 500 2883 pitorum,
531 2846 702 2879 agrorum,
731 2837 832 2876 ruris,
861 2836 975 2876 maria3
1017 2836 1160 2869 locorum
1181 2837 1310 2869 omnino
1332 2839 1425 2868 eraut
1445 2836 1540 2876 genii.
1584 2836 1730 2875 Denique
1752 2835 1848 2867 etiam
1869 2834 2013 2877 publicos
2033 2833 2130 2867 tuisse
2151 2834 2254 2866 Lare·

345 2893 504 2924 nemiuem
526 2890 617 2929 fugit.

243 2954 287 2995 ’·)
308 2953 427 2995 tegas,
449 2961 532 2993 quae
553 2950 682 2991 scripsit
703 2950 743 2982 de
764 2948 835 2982 Dii·
856 2949 993 2982 Lartbm
1014 2947 1101 2983 Tob.
1121 2948 1270 2990 Hempel.
1290 2947 1445 2981 Zwiccav.
1470 2950 1552 2981 1816
1573 2957 1648 2990 pag.
1669 2946 1791 2980 xm
