2360 3050
1155 48 1210 88 21)

153 179 253 218 ritae
280 176 496 227 quotidiano
522 178 638 224 atque
664 175 851 213 communi
867 175 984 223 *quasi
1009 174 1297 223 proverbialiter
1323 179 1718 223 commemorarentur,
1748 177 1900 215 nomine
1927 179 1967 215 et
1992 168 2211 219 charactere

154 254 211 290 sic
246 255 354 290 certo
386 250 478 287 dato
510 252 555 287 et
594 249 804 298 impresso,
830 248 883 284 ‘ut
918 257 941 285 a
966 247 1083 284 semel
1110 231 1368 296 receptisvix
1393 248 1497 285 abire
1522 248 1657 286 liceret
1681 250 1819 298 poetis.
1872 250 2008 299 Neque
2031 252 2086 288 its
2104 252 2211 290 ”scei-

153 324 257 363 disse
293 325 438 363 mirum*
461 324 533 359 est.
586 319 682 360 Nam
705 331 801 359 cam
832 320 917 358 fere
955 320 1093 358 nimius
1130 321 1309 358 existeret
1343 332 1470 366 amor,
1513 333 1589 367 quo
1625 325 1775 359 veteres
1811 326 1851 359 et
1884 324 2022 360 Graeci
2056 328 2096 360 et
2129 323 2212 360 Ro-

154 398 255 434 mani
282 406 365 432 rem
391 395 602 439 scenicam,
637 394 874 441 potissimum
902 393 1128 439 comoedias,
1156 392 1195 430 iu
1222 392 1368 431 deliciis
1394 391 1599 439 habebant,
1635 404 1683 431 ex
1709 394 2215 444 repetitionesrequentiori

156 472 267 506 unius
309 446 556 515 eiusdemque
591 478 779 516 personae
814 470 917 503 certa
954 466 1136 515 quaedam
1170 466 1295 516 imago
1332 466 1494 514 denique
1528 466 1601 502 fixa
1635 468 1812 515 tauquam
1848 468 1978 506 animis
2013 468 2213 507 inhaerere

155 542 304 590 coepit3
345 542 385 578 id
409 540 511 588 quod
530 543 708 586 quantum
727 542 766 576 et
786 551 986 587 quousque
1004 539 1180 587 paulatim
1198 540 1237 574 in
1257 551 1365 575 usum
1380 539 1527 575 venerit
1551 538 1743 587 vulgoque
1766 539 1983 586 obtinuerit,
2008 540 2138 579 videre
2162 540 2212 579 li·

155 618 218 652 cet
248 624 296 651 ex
320 608 428 650 Iulio'
443 612 623 658 Polluce,
653 612 718 660 qui
745 612 783 649 in
813 609 1053 649 Ono‘mastico
1079 611 1179 649 haud
1207 624 1325 661 pauca
1352 612 1533 649 disseruit
1559 612 1607 648 de
1635 596 1818 648 eiusmodi
1843 614 2019 661 personis
2040 614 2212 663 tragicis,

155 687 344 737 satyricis,
371 686 538 731 comicis,
566 685 823 734 quasa-ulgus
851 686 890 722 in
917 686 1030 722 vitam
1057 685 1140 722 fere
1168 686 1419 733 quotidianam
1435 676 1657 733 receperat,
1686 688 1725 721 et
1753 696 1851 732 quae
1877 689 1982 722 certa
2009 689 2049 723 et
2074 697 2212 736 perpe-

154 764 220 797 tua
256 758 340 796 fere
374 758 486 808 lege,
521 757 643 795 forma
678 761 717 795 et
743 758 872 806 specie
898 758 1068 795 omnibus
1095 758 1135 795 in
1161 757 1299 795 fabulis
1327 759 1366 795 iu
1392 770 1542 795 scenam
1569 758 1887 806 producebantur.
1940 759 2012 795 His
2038 760 2214 807 personis

156 831 454 869 adnumerandus
482 834 542 867 est
566 831 675 867 etiam
704 842 820 866 senex
845 832 1033 867 morosior
1060 831 1228 878 itemque
1256 831 1498 878 parcissimus
1536 833 1576 866 et
1610 829 1763 866 sordide
1798 832 1928 876 tenax3
1982 830 2093 868 etiam
2118 831 2213 870 haec

154 915 339 955 persona,
377 915 474 952 quae
509 903 548 941 in
585 903 788 941 comoediis
817 905 1039 952 saepissime
1065 906 1343 950 repraesentari
1371 905 1543 947 solebat,
1579 907 1721 938 certam
1747 904 2016 950 propriamque
2041 903 2214 939 induerat

155 977 336 1025 speciem.
387 976 587 1013 Eiusmodi
614 978 756 1031 autem,
767 986 896 1013 senem
923 974 1036 1026 vulgo
1068 974 1306 1013 Chremetem
1333 976 1475 1014 dictum
1501 975 1642 1020 fuisse,
1675 975 1907 1020 invenimus;
1961 987 2038 1023 quo
2064 977 2213 1013 nomine

154 1051 312 1098 proprie
338 1050 542 1096 significari
570 1061 669 1094 eum,
699 1050 765 1095 qui
792 1049 961 1084 crebrius
991 1053 1182 1094 exscreat,
1210 1049 1347 1085 docent
1372 1049 1517 1093 lexica3
1572 1047 1705 1085 eodem
1732 1058 1847 1094 sensu
1874 1047 1986 1085 etism
2010 1042 2213 1099 χρέμυλος

155 1122 306 1161 dicitur.
332 1122 576 1170 Quisssautem
593 1134 640 1158 ex
651 1122 882 1159 Graecorum
898 1123 1050 1157 comicis
1069 1124 1214 1168 primus
1228 1126 1291 1157 aut
1310 1123 1473 1157 omnium
1493 1122 1634 1168 optime
1648 1121 1723 1156 hoe
1732 1121 1881 1157 nomine
1890 1120 2211 1158 eiusmodisena-

155 1195 196 1232 in
230 1204 382 1231 scenam
414 1193 627 1239 induxerit,
663 1194 834 1243 ignotum
863 1196 946 1238 est;
1000 1193 1075 1231 hoc
1102 1197 1267 1239 certum,
1301 1194 1394 1230 illud
1429 1205 1563 1230 nomen
1590 1193 1726 1229 deinde
1752 1205 1837 1230 cum
1864 1204 2029 1241 persona
2051 1194 2092 1230 in
2119 1204 2210 1231 con-

80 1311 84 1314 ,
156 1267 393 1303 suetudIuem
420 1265 515 1302 adeo
542 1265 701 1311 abiisse,
729 1269 770 1301 ut
798 1266 939 1314 ubique
965 1266 1005 1302 in
1031 1277 1100 1303 ore
1125 1266 1318 1304 hominum
1346 1277 1432 1306 esse
1458 1266 1637 1313 coeperit.
1691 1266 1755 1302 Sic
1781 1266 1881 1313 apud
1907 1266 2143 1303 Athenaeum
2169 1267 2209 1311 6,

156 1340 195 1375 1.
229 1339 408 1386 leguntur
443 1339 581 1374 verba:
636 1334 807 1387 Χρέμης
841 1348 907 1380 τις
941 1330 969 1386 ἢ
1000 1333 1163 1373 Φείδων
1198 1348 1264 1381 τις
1299 1331 1607 1388 ἐκσυρίττεται·
1663 1349 1738 1385 quo
1778 1338 1925 1375 senario
1953 1337 2135 1375 Chremes
2170 1341 2211 1376 et

156 1410 330 1448 Pheidon
365 1411 442 1447 duo
477 1411 704 1446 comicorum
739 1421 872 1445 senum
906 1413 995 1445 suut
1021 1410 1190 1453 nomina,
1226 1410 1424 1445 admodum
1451 1410 1524 1444 iam
1550 1409 1664 1456 vulgo
1691 1413 1857 1458 recepta.
1911 1410 2022 1457 Quod
2048 1410 2209 1449 alterum

155 1493 292 1519 nomen
319 1482 494 1519 adiicitur
524 1475 700 1527 Φείδων,
728 1492 775 1517 ex
802 1492 849 1518 eo
875 1481 993 1530 magis
1021 1484 1138 1530 patet,
1168 1481 1295 1529 quales
1323 1492 1434 1519 senes
1461 1481 1536 1518 sint
1561 1481 1806 1530 intelligendi.
1860 1482 1903 1519 In
1926 1483 2033 1520 illum
2059 1483 2210 1520 modum

155 1556 355 1592 Horatium
383 1555 551 1591 videmus
576 1555 666 1602 plus
694 1553 811 1590 semel
840 1554 1079 1598 Chremetis,
1107 1556 1150 1589 ut
1177 1553 1277 1589 senis
1306 1555 1442 1600 partim
1468 1554 1710 1599 morosioris,
1735 1555 1871 1601 partim
1898 1555 2000 1591 iusto
2025 1555 2210 1604 parcioris

157 1630 196 1662 et
222 1627 376 1663 sordide
402 1626 545 1662 tenacis
571 1626 799 1662 mentionem
824 1624 1045 1671 facientem3
1097 1623 1222 1674 Epod.
1251 1624 1289 1671 l,
1314 1623 1378 1662 33.
1406 1623 1516 1662 dicit:

675 1699 783 1743 Quod
813 1701 876 1733 aut
902 1709 1033 1733 avarus
1059 1700 1103 1732 ut
1131 1697 1313 1732 Chremes
1340 1700 1443 1734 terra
1470 1708 1650 1746 premam,

567 1799 575 1804 .
674 1770 889 1807 Discinctus
917 1773 980 1804 aut
1005 1770 1160 1816 perdam
1186 1772 1230 1804 ut
1255 1779 1398 1815 nepos;

156 1842 239 1880 add.
267 1842 351 1879 Art.
376 1844 482 1892 poet.
508 1841 572 1879 94.
601 1843 641 1879 et
667 1839 780 1878 Satir.
808 1840 845 1886 1,
875 1840 938 1894 lq,
965 1841 1030 1877 40.

262 1934 395 1983 Itaque
410 1934 560 1971 Horatii
580 1937 752 1982 tempore
768 1932 863 1969 illud
881 1944 1017 1970 nomen
1043 1933 1138 1971 adeo
1165 1935 1237 1971 iam
1263 1935 1302 1971 in
1327 1935 1431 1983 vulgi
1456 1924 1564 1972 usum
1592 1936 1728 1973 abiisse
1751 1936 1935 1983 videmus,
1961 1941 2004 1974 ut
2024 1939 2205 1978 Chremes

157 2018 421 2055 quemcunque
458 2017 588 2043 senem
620 2006 721 2044 iusto
754 2005 1003 2043 morosiorem
1038 2008 1077 2043 et
1113 2006 1362 2044 sordidiorem
1397 2011 1711 2056 repraesentaret.
1763 2008 1898 2057 Neque
1931 2014 2037 2049 recte
2070 2012 2209 2052 secisse

157 2080 343 2124 videntur,
371 2080 437 2127 qui
467 2080 726 2127 quaesierunt,
767 2090 879 2127 quem
906 2079 1090 2116 comicum
1117 2083 1268 2128 poetam
1294 2083 1381 2118 aute
1408 2079 1539 2118 oculos
1565 2080 1629 2118 hic
1654 2079 1828 2119 habuerit
1853 2082 2057 2131 Horatius,
2094 2090 2135 2123 et
2161 2098 2208 2123 ex

159 2165 233 2199 qua
259 2152 383 2188 fabula
409 2153 509 2189 hunc
536 2153 777 2189 Chremetem
804 2153 995 2197 sumserit,
1023 2152 1334 2199 quemadmodum
1360 2153 1446 2200 ipse
1472 2153 1611 2199 Acron,
1638 2152 1787 2191 Horatii
1814 2154 2050 2203 scholiastes,
2076 2158 2206 2207 opina-

156 2228 220 2261 tus
250 2226 322 2269 est,
351 2223 523 2261 Terentii
550 2224 793 2262 Chremetem
820 2236 909 2262 esse
935 2225 1242 2273 intelligendum3
1281 2225 1432 2273 scripsit
1457 2226 1532 2262 iste
1557 2226 1604 2262 ad
1629 2224 1755 2275 Epod.
1782 2226 1819 2272 1,
1845 2227 1921 2264 83:
1971 2209 2032 2265 Ut
2062 2228 2204 2269 Chre-

155 2295 276 2344 mes]
303 2307 440 2334 nomen
467 2297 507 2334 in
538 2296 717 2335 Terentio
744 2295 876 2334 divitis
909 2301 951 2335 et
978 2298 1125 2335 tenacis
1135 2294 1189 2344 *).
1242 2297 1346 2335 Bene
1373 2298 1469 2336 alter
1495 2299 1718 2352 scholiastes
1746 2300 1917 2345 Horatii,
1954 2301 2207 2350 Porphyrion,

155 2370 293 2405 ibidem
328 2370 505 2417 apponit:
560 2396 587 2415 „
608 2369 788 2406 Chremes
822 2379 959 2407 nomen
995 2369 1097 2407 senis
1126 2371 1185 2407 est
1210 2369 1250 2408 in
1277 2369 1506 2417 comoediis3
1558 2370 1612 2409 ibi
1636 2371 1735 2411 enim
1761 2382 1872 2412 senes
1896 2371 1981 2412 fere
2007 2375 2108 2412 avari
2133 2375 2207 2414 fln-

200 2552 232 2590 *)
253 2551 355 2584 Immo
377 2551 462 2593 apud
478 2551 665 2584 Terentium
686 2553 791 2593 aliter,
812 2556 910 2593 atque
932 2553 1100 2595 posteriori
1120 2556 1265 2595 tempore
1286 2554 1369 2596 apud
1384 2554 1564 2594 Horatium,
1586 2553 1751 2595 Chremes,
1773 2556 1872 2597 quiin
1888 2556 2007 2590 Andria
2026 2558 2058 2590 iu
2078 2568 2208 2592 scenam

304 2604 427 2644 prodit,
455 2603 593 2635 animum
622 2604 764 2636 ostendit
791 2605 987 2637 sedatior-em
1009 2606 1245 2645 placidumque,
1276 2611 1389 2647 utpote
1409 2606 1572 2639 studiosus
1594 2606 1700 2639 omnia
1727 2616 1787 2649 per
1807 2617 1919 2650 pacem
1941 2610 2151 2651 componendi
2173 2616 2208 2644 et

304 2654 370 2686 sere
391 2655 554 2695 amabilis;
596 2664 656 2687 nec
676 2657 807 2688 multum
828 2656 911 2688 aliae
932 2661 1041 2698 partes
1062 2662 1135 2690 sunt
1157 2658 1354 2697 Chremetis,
1384 2660 1436 2699 qui
1459 2662 1509 2690 est
1529 2662 1560 2690 in
1581 2658 1964 2701 Heautontimorumen03
2005 2662 2205 2704 prudentiam

305 2706 387 2737 vitae
421 2706 472 2738 hic
508 2707 613 2748 prodit
652 2712 686 2740 et
719 2707 903 2741 facilitatem
941 2709 1099 2749 quandam
1133 2710 1201 2741 aliis
1236 2709 1399 2743 suadendi.
1457 2709 1578 2743 Neuter
1605 2711 1749 2745 tenacior
1782 2713 1832 2745 vel
1859 2714 2019 2746 morosior
2046 2716 2205 2758 conspici·
2259 2722 2261 2724 ’

303 2764 371 2796 tur,
404 2768 511 2798 quam·
526 2758 576 2790 sas
607 2763 675 2799 est3
717 2761 923 2801 quamobrem
953 2761 1149 2795 Horatianus
1177 2762 1237 2794 iste
1265 2761 1419 2794 Chremes
1447 2772 1557 2804 pamm
1586 2767 1637 2795 est
1662 2763 1769 2796 similis
1797 2764 1921 2798 illorum
1941 2765 2074 2798 duorum
2095 2777 2206 2800 senum

303 2808 458 2842 Terentii.
502 2811 618 2842 Paullo
646 2814 753 2844 tamen
785 2813 914 2855 propius
943 2813 986 2846 ab
1014 2813 1078 2845 ista
1107 2814 1283 2847 tenacitate
1310 2815 1404 2848 abest
1423 2814 1477 2847 ille
1499 2814 1707 2857 Chremylus‚
1737 2825 1833 2862 quem
1852 2817 1886 2850 in
1906 2826 2034 2850 scenam
2054 2819 2206 2860 produxit

304 2860 538 2903 Aristophanes
560 2863 591 2895 in
612 2862 720 2896 Pluto.
2130 2885 2132 2888 ’
