2360 3050
86 160 170 208 82,
195 158 367 199 Athenae
391 153 613 194 Truculent.
637 151 736 204 prol.
761 162 818 191 vs.
841 150 882 189 8.
932 150 977 190 In
1001 151 1218 190 Aululariae
1243 150 1406 202 prologo
1431 151 1481 190 de
1506 150 1607 199 loco,
1635 164 1712 202 quo
1738 152 1864 194 fabula
1889 159 2045 207 agatur,
2084 158 2138 196 nil

89 233 262 284 legimus.
314 230 483 269 Athenas
507 231 634 265 tamen
660 237 745 265 esse
771 227 928 275 apparet
953 235 1000 262 ex
1025 236 1138 263 versu
1162 225 1202 272 8,
1230 228 1302 262 act.
1329 224 1381 271 5.,
1407 225 1472 262 ubi
1497 225 1593 262 haec
1613 226 1812 276 leguntur:

313 323 407 370 Quis
433 333 495 358 me
520 320 679 357 Athenis
704 330 804 356 nnnc
827 318 947 367 magis
975 320 1168 367 quisquam
1194 322 1254 356 est
1278 319 1414 363 homo,
1450 318 1512 354 cui
1537 319 1577 354 di
1604 320 1680 356 sint
1704 320 1892 368 propitii}

88 417 247 454 Athenis
285 420 410 452 autem
442 415 601 450 maxime
627 415 708 462 geri
733 413 898 448 voluisse
921 416 1054 460 poetas
1079 425 1143 450 res
1170 416 1210 450 et
1235 412 1403 449 actiones
1429 412 1662 459 fabularum,
1696 417 1881 460 testatur,
1918 416 1981 463 qui
2006 414 2137 464 prolo-

90 502 179 540 gum
206 488 417 538 composuit
441 487 693 533 Menaechm.,
717 497 794 524 vss.
818 484 959 524 7—92

602 592 730 640 Atque
754 590 830 628 hoc
854 594 992 639 poetae
1017 589 1159 627 faciunt
1183 591 1225 627 in
1251 590 1479 628 comoediis:

604 662 745 702 Omnes
770 674 833 702 res
861 666 985 713 gestas
1012 674 1099 703 esse
1123 663 1287 701 Athenis
1313 666 1522 709 autumant,

604 738 688 785 Quo
717 737 819 776 vobis
845 738 941 774 illud
966 748 1144 787 graecum
1169 737 1339 776 videatur
1367 737 1498 786 magis.

91 841 271 880 Ceterum
295 840 368 879 hos
394 851 538 887 versus,
566 840 678 878 sicuti
703 843 823 878 totum
847 840 1011 879 fortasse
1035 839 1250 890 prologum,
1275 850 1352 877 non
1378 840 1430 876 ita
1455 839 1575 877 multo
1600 843 1689 889 post
1703 839 1892 886 Plautum,
1919 840 1992 877 isto
2011 843 2139 876 tamen

88 918 262 963 tempore
296 908 459 962 scriptos
495 926 582 951 esse
614 917 739 963 patet,
782 925 857 962 quo
884 913 1035 950 Romae·
1067 925 1204 963 graeca
1227 913 1302 950 iam
1327 914 1447 961 magis
1473 913 1689 950 amabantur
1715 916 1829 961 atque
1855 913 1969 961 vulgo
1996 913 2138 960 ubique

87 987 172 1024 fere
197 990 351 1036 recepta
378 989 417 1024 et
443 987 581 1024 usitata
607 989 735 1032 erant,
776 985 1086 1035 quemadmodum
1112 986 1197 1035 ipse
1223 986 1296 1023 iam
1323 984 1527 1023 Terentius
1555 996 1709 1032 omnes,
1751 997 1844 1035 quas
1872 985 1995 1023 adhuc
2020 985 2136 1022 habe-

88 1071 193 1107 mus,
229 1059 373 1098 fabulas
399 1059 560 1098 Athenis
588 1060 648 1109 agi
674 1060 804 1106 finxit;
858 1071 942 1097 nam
970 1060 1084 1097 etiam
1111 1058 1559 1097 Heautontimorumenos
1586 1059 1711 1109 agitur
1736 1059 1776 1097 in
1801 1059 1897 1106 vico,
1926 1058 1991 1108 qui
2016 1058 2136 1096 Atho-

88 1134 146 1170 nis
182 1136 243 1170 est
276 1133 474 1170 admodum
509 1134 649 1170 vicinus
676 1137 790 1181 atque
815 1133 1059 1170 suburbanus.
1112 1132 1200 1169 Hoc
1227 1136 1351 1169 tamen
1376 1132 1534 1169 Plautus
1561 1144 1637 1169 non
1664 1143 1799 1169 curans
1825 1133 1938 1168 modo
1964 1132 2028 1168 hic
2053 1143 2135 1168 mo-

89 1206 140 1243 do
166 1206 258 1251 illic,
285 1206 382 1242 locis
409 1207 609 1243 admodum
634 1208 735 1243 inter
762 1217 803 1243 se
829 1207 956 1252 variis,
982 1206 1126 1243 fabulas
1153 1217 1239 1243 suas
1268 1207 1329 1255 agi
1354 1206 1487 1251 voluit,
1516 1207 1674 1244 Graecis
1703 1205 1884 1253 exemplis
1911 1205 1987 1243 hoc
2013 1204 2135 1241 nomi-

91 1290 142 1314 ne
167 1278 271 1315 haud
298 1278 502 1323 dissimilis,
530 1278 593 1315 ubi
618 1279 718 1315 haud
745 1278 869 1323 dubie,
896 1279 935 1315 in
960 1291 1057 1316 nova
1080 1279 1319 1327 potissimum
1344 1277 1680 1332 comoediasloca
1704 1278 1894 1324 scenicae,
1931 1281 1976 1315 ut
2001 1277 2052 1314 ita
2079 1276 2135 1314 di-

90 1361 195 1397 cam,¹
212 1350 370 1389 actionis
395 1350 539 1400 pariter
569 1353 674 1389 eraut
699 1349 898 1388 admodum
924 1348 1086 1388 diversa.

303 1502 381 1553 In
418 1519 626 1554 scena
664 1519 833 1572 quae
871 1503 1253 1572 conspicua
1289 1503 1577 1569 fuerint,
1616 1520 1758 1555 cum
1789 1502 1916 1555 Au-

563 1593 565 1596 ’
780 1594 1041 1647 lularia
1085 1600 1436 1663 ageretur.

188 1728 344 1778 Quando
355 1728 441 1767 Aul.
451 1729 642 1779 agebatur,
656 1729 694 1767 iu
703 1740 828 1776 scena,
839 1741 936 1779 quae
941 1730 1099 1780 proprie
1106 1732 1276 1777 vocatur,
1287 1730 1401 1770 aedes
1410 1730 1617 1776 Euclionis,
1627 1729 1735 1768 cuius
1743 1729 1887 1779 primae
1895 1733 1983 1767 sunt
1992 1733 2133 1780 partes,

81 1788 383 1851 repraesentatas
410 1812 510 1847 esse,
547 1805 652 1850 patet
678 1813 724 1839 ex
748 1802 926 1852 prologo,
953 1803 1017 1839 ubi
1043 1804 1267 1852 pronomine
1293 1804 1366 1849 hic,
1395 1815 1483 1851 quo,
1513 1807 1554 1840 ut
1579 1802 1767 1840 neminem
1793 1803 1903 1848 latet,
1930 1813 1993 1840 res
2021 1814 2132 1851 prae-

84 1877 213 1912 sentes
241 1873 490 1911 ostenduntur
516 1876 556 1910 et
582 1873 684 1921 quod
711 1873 791 1910 illic
817 1875 1039 1923 saepissime
1064 1876 1246 1925 scriptum
1273 1875 1436 1925 legitur,
1471 1875 1607 1912 Euclio
1642 1874 1802 1923 eiusque
1828 1875 1940 1912 aedes
1966 1875 2147 1922 indicanffi

82 1950 159 1983 tur.
211 1945 254 1982 ln
289 1956 401 1982 scena
433 1956 549 1994 porro
586 1947 812 1994 conspicuae
845 1946 1001 1984 fuerunt
1034 1947 1139 1985 fores
1165 1948 1301 1984 domus
1327 1948 1551 1996 Megadori3
1603 1947 1645 1983 id
1671 1948 1773 1994 quod
1801 1948 1872 1984 etsi
1899 1958 1945 1983 ex
1970 1947 2133 1996 prologo

82 2019 206 2056 minus
232 2018 480 2067 intelligitur,
513 2017 747 2055 manifestius
773 2022 932 2068 apparet
957 2031 1044 2057 cum
1070 2032 1117 2058 ex
1143 2020 1226 2058 aliis
1252 2020 1372 2066 locis,
1398 2020 1463 2057 ubi
1489 2019 1719 2069 Megadorus
1748 2019 1909 2068 eiusque
1936 2019 2133 2057 domestici

80 2091 253 2130 exdomo
270 2102 340 2129 sua
361 2093 498 2129 exeunt
512 2090 738 2140 intrantque,
764 2094 844 2129 tum
861 2093 1021 2131 maxime
1047 2104 1095 2131 ex
1119 2092 1159 2140 4,
1187 2093 1225 2140 1,
1255 2093 1316 2131 18.
1346 2089 1488 2143 (danic
1513 2092 1723 2144 Megadoro
1751 2088 1909 2144 dari“),
1935 2092 2001 2132 ubi
2028 2093 2127 2131 simi·

80 2164 173 2202 liter
197 2163 417 2214 pronomine
443 2162 532 2201 huic
555 2164 750 2214 probatur,
774 2164 815 2201 in
841 2175 954 2203 scena
979 2166 1201 2216 apparuisse
1227 2166 1379 2203 domum
1404 2165 1628 2217 Megadori3
1681 2166 1845 2215 denique
1871 2167 1911 2203 in
1937 2176 2049 2203 scena
2075 2166 2131 2203 fa-

80 2249 171 2275 num
198 2238 401 2285 luemque
425 2236 536 2274 Fidei
562 2238 743 2286 conspici,
769 2237 929 2275 maxime
953 2239 1198 2287 intelligimus
1226 2250 1271 2276 ex
1300 2251 1413 2276 scena
1438 2240 1476 2276 2.
1503 2243 1609 2277 actus
1635 2240 1697 2285 4.,
1734 2240 1817 2276 ubi·
1834 2250 1881 2276 ex
1906 2238 1994 2276 fano
2021 2240 2131 2276 Fidei

79 2322 195 2348 senex
220 2310 357 2347 Euclio
394 2310 472 2347 exit
498 2313 539 2347 et
565 2310 763 2359 egrediens
789 2310 904 2347 verba
929 2311 1051 2348 adhuc
1076 2311 1168 2348 facit
1193 2312 1241 2348 ad
1267 2311 1425 2357 Fidem3
1478 2312 1576 2360 adde
1601 2324 1733 2350 versus
1758 2311 1797 2349 5.
1825 2316 1866 2348 et
1892 2312 1931 2349 6.
1958 2316 2064 2348 actus
2092 2313 2130 2349 4.

77 2382 220 2422 Nescio
247 2395 296 2421 an
322 2386 388 2421 ant
401 2382 598 2421 Euclionis
624 2382 757 2420 domus
783 2382 902 2420 fuerit
925 2382 1050 2420 media
1075 2387 1141 2420 aut
1166 2383 1294 2422 fanum
1320 2384 1444 2423 Fidei.
1487 2384 1634 2423 Hortus
1661 2384 1808 2423 adiacet
1833 2383 2033 2433 Megadori
2061 2380 2129 2433 (cf.

77 2455 117 2503 2,
144 2456 184 2503 2,
210 2454 317 2508 aa),
351 2456 505 2494 aedibus
538 2455 640 2494 hand
674 2455 788 2493 dubie
813 2456 1080 2494 conterminus.
1132 2455 1175 2494 In
1201 2457 1287 2506 ipso
1313 2458 1513 2507 proscenio
1539 2469 1624 2505 ara,
1661 2461 1748 2505 aut,
1790 2456 1894 2507 quod
1918 2456 2129 2502 maluerim,

79 2532 205 2567 statua
238 2529 394 2566 stetisse
427 2529 576 2566 videtur
601 2529 728 2567 Bonae
752 2528 966 2576 Fortunae,
1000 2529 1074 2565 vid.
1102 2529 1140 2575 1,
1166 2530 1206 2575 2,
1233 2529 1403 2567 22—24.
1456 2531 1513 2568 Ita
1538 2531 1688 2568 demum
1713 2532 1747 2567 si
1773 2530 1972 2575 statueris,
2010 2529 2129 2579 probe

80 2603 330 2652 expediuntur
353 2602 450 2640 haec
474 2602 609 2640 verba:

402 2694 519 2734 Eucl.
594 2694 637 2733 Si
662 2696 767 2734 Bona
790 2695 962 2734 Fortuna
986 2696 1122 2742 veniat,
1150 2708 1199 2734 ne
1224 2696 1486 2735 intromiseris.

403 2767 544 2820 stapla.
588 2769 660 2806 Pol
687 2782 732 2807 ea
756 2771 852 2820 ipsa,
878 2771 1006 2816 credo,
1033 2782 1082 2807 ne
1106 2770 1391 2817 intromittatur,
1419 2774 1552 2815 cavet3

585 2841 682 2882 Nam
689 2842 736 2883 ad
744 2842 858 2882 aedes
866 2846 1015 2884 nostras
1024 2854 1208 2893 nusquam
1215 2844 1318 2891 adiit,
1330 2855 1551 2894 quamquam
1560 2853 1685 2893 prope
1695 2845 1765 2882 est.
