2360 3050
1178 92 1231 148 ιι
2158 113 2185 156 s

168 222 216 263 sd
249 222 342 262 Aen.
378 222 419 268 4,
456 219 545 259 149.
575 221 614 258 et
641 218 705 267 12,
732 218 772 258 8.
827 216 1008 257 Similiter
1035 217 1259 267 Antiphauis
1288 218 1484 257 comoedia
1511 218 1612 258 dicta
1639 223 1698 258 est
1723 213 1987 271 Στρατιῶτης
2014 212 2043 271 ἢ
2069 204 2229 270 ,Τύχῶν.

167 295 227 334 De
253 296 366 333 titulo
393 295 528 332 Militis
558 293 730 335 Gloriosi
756 293 870 331 etiam
896 291 1120 342 Lessingius
1147 291 1188 329 in
1215 291 1468 341 dramaturgia
1495 293 1674 330 disseruit
1701 290 1802 344 (cap.
1831 292 1965 346 XXI.).

623 408 720 459 De
758 406 1027 477 duplici
1065 406 1455 460 fabularum
1491 407 1778 462 nomine.

272 515 350 553 Sed
378 526 464 552 cum
491 514 540 551 de
567 514 710 562 duplici
737 514 888 550 nomine
915 513 1145 561 singularum
1172 512 1380 550 fabularum
1407 498 1527 551 semel
1553 514 1785 552 mentionem
1811 512 2027 561 iniecerim,
2054 513 2154 553 haud
2179 513 2227 553 ab

166 601 210 626 re
245 600 332 626 esse
369 589 538 632 videtur,
577 588 626 623 de
661 587 726 623 illa
762 587 1036 623 consuetudine
1073 586 1200 633 paullo
1238 586 1360 623 fusius
1397 587 1600 623 disserere.
1654 587 1790 635 Neque
1830 588 1928 624 enim
1963 588 2154 626 veteribus
2192 590 2233 625 et

168 661 325 698 Graecis
355 664 395 698 et
422 659 601 697 Romanis
628 660 847 696 inusitatum
875 668 961 696 esse
988 658 1179 704 videmus,
1223 659 1378 696 eandem
1406 660 1638 696 comoediam
1666 660 1809 708 duplici
1834 661 2042 698 inscribere
2070 661 2231 699 nomine.

169 734 235 779 lta!
262 734 416 781 scripsit
444 732 717 781 Theognetus,
762 736 875 780 poeta
903 733 1091 777 comicus,
1128 732 1363 769 comoediam
1400 726 1556 778 Φάσμα
1594 724 1621 781 ἢ
1662 726 1927 783 Φιλάργυρον
1964 729 2057 783 (vid.
2093 733 2231 770 Athen.

173 807 346 854 deipnos.
372 805 413 849 3,
441 805 530 842 1⁰4.
559 808 673 852 atque
700 803 804 840 Men.
833 807 871 840 et
898 803 1059 840 Philem.
1087 803 1187 849 rell.,
1218 816 1309 852 quas
1339 804 1456 841 edidit
1483 804 1714 850 Meinekius,
1742 803 1812 842 Vir
1842 805 1968 851 Doct.,
1995 818 2080 855 pag.
2106 803 2231 856 5720,

169 879 379 917 Menander
410 871 736 927 Ἀνατιθεμένην
772 870 800 927 ἢ
836 872 1083 927 ,Μεσσηνίαν
1120 877 1211 924 (vid.
1249 877 1416 914 Meinek.
1452 889 1537 925 pag.
1575 875 1680 928 16.),
1705 870 1985 928 Ἄνδρόγυνον
2020 871 2047 928 ἢ
2083 877 2231 929 Κρῆτα

169 950 276 1001 (ibid.
303 951 388 999 pa‘g.
406 948 503 999 23.),
526 944 790 1000 Ἀῤῥηφόρον
819 943 845 999 ἢ
862 943 1246 999 Λύλητρίδα,(ἰ1)ἰᾶ.
1264 962 1348 999 pag.
1367 949 1464 996 252),
1487 943 1818 997 ‘Yrcossotzpaazov
1845 942 1870 999 ἢ
1882 943 2095 1000 Ἀγροῖκον
2109 950 2231 997 (ibid.

166 1037 250 1074 pag.
280 1021 402 1074 165.).
457 1023 691 1058 Philemonis
711 1004 780 1058 est
807 1022 1002 1058 comoedia
1030 1017 1205 1058 Metaon
1232 1014 1260 1072 ἢ
1278 1015 1450 1070 Ζώμιον
1479 1019 1586 1072 (ibid.
1614 1034 1699 1072 pag.
1727 1020 1837 1072 369.)
1867 1026 1906 1060 et
1922 1019 2073 1074 Πτωχὴ
2106 1016 2232 1074 ἢῬόο

166 1095 258 1143 dmg
294 1097 402 1147 (ibid.
439 1110 523 1146 pag.
559 1096 686 1144 an).
742 1096 826 1133 Alia
862 1096 1031 1144 exempla
1067 1096 1343 1133 comoediarum
1372 1097 1602 1133 binominum
1631 1096 1792 1144 plurima
1818 1096 1935 1133 habes
1964 1098 2063 1144 apud
2091 1098 2231 1134 Athen.

164 1172 323 1219 Deipn.,
361 1183 520 1218 quorum
560 1181 679 1217 pauca
705 1173 850 1205 tantum
878 1169 1095 1205 adscribere
1123 1169 1243 1205 liceat.
1297 1169 1467 1206 Alexidis
1495 1169 1629 1205 comici
1658 1171 1718 1205 est
1744 1168 1868 1205 fabula
1882 1160 2059 1217 ’,Ἀγωνες
2087 1161 2114 1219 ἢ
2140 1163 2231 1206 Ἵπ-

165 1254 320 1288 πισκος
340 1244 495 1291 (Athen.
514 1243 553 1286 8,
583 1239 709 1290 339.),
736 1237 904 1292 Λοκρὶς
933 1234 959 1291 ἢ
980 1235 1275 1286 Ποππύζουσα
1305 1242 1361 1289 (3,
1391 1243 1480 1279 10-1.
1509 1246 1549 1278 et
1577 1243 1641 1286 10,
1667 1238 1792 1291 431.),
1820 1235 2040 1291 Κρατεύας
2069 1234 2094 1291 ἢ
2118 1242 2232 1293 Φαρ-

165 1310 423 1366 μακοπώλης
461 1314 517 1362 (3,
552 1313 618 1351 95.
655 1318 694 1350 et
731 1312 863 1364 loz),
913 1310 1095 1363 Τοκις-ιὶς
1131 1307 1158 1363 ἢ
1196 1310 1581 1363 Καταψευδόμενος
1624 1315 1707 1361 (10,
1743 1311 1874 1363 431.),
1920 1308 2157 1358 Φιλόκαλος
2205 1307 2233 1364 ἢ

165 1383 347 1437 Νύμφαι
384 1388 441 1432 (S,
476 1386 602 1431 3650,
655 1386 882 1433 Antiphanis
919 1385 1052 1421 comici
1088 1389 1146 1420 est
1177 1377 1392 1435 Ἀγροῖκος
1425 1379 1453 1435 ἢ
1486 1381 1728 1422 Βουταλίων
1765 1386 1822 1433 (7,
1850 1386 1941 1423 304.
1970 1390 2009 1422 et
2035 1385 2136 1431 31:33
2189 1386 2233 1432 8,

164 1458 299 1505 358),
336 1452 602 1507 Στρατιώτης
636 1450 664 1506 ἢ
703 1451 843 1502 Τύχων
881 1453 939 1506 (3,
977 1456 1065 1493 103.
1102 1461 1142 1493 et
1169 1458 1207 1502 6,
1236 1455 1359 1507 257).
1415 1457 1562 1506 Diphili
1591 1461 1650 1494 est
1676 1451 1886 1505 Εὖνοῦχος
1914 1450 1941 1509 ἢ
1968 1452 2233 1510 Στρατιώτης

166 1528 252 1581 (11,
288 1528 424 1577 496.);
478 1529 621 1567 Eubuli
647 1525 890 1580 Προςουσία
924 1522 950 1580 ἢ
979 1523 1141 1573 Κύκνος
1169 1529 1225 1578 (7,
1254 1530 1378 1576 301.).
1432 1531 1682 1567 Pherecrates
1711 1532 1849 1568 veteris
1878 1533 2095 1569 comoediae
2121 1536 2236 1581 poeta

162 1603 258 1641 fecit
281 1596 417 1638 ’ἰπνὸν
446 1595 472 1650 ἢ
492 1596 731 1646 Παννυχίδα
759 1599 844 1651 (13,
873 1597 1006 1646 612.)';
1035 1603 1075 1636 et
1096 1597 1254 1652 Τηρεὺς
1281 1595 1307 1652 ἢ
1324 1595 1471 1651 Ἔποψ
1501 1602 1681 1640 Philoclis
1709 1604 1843 1640 comici
1871 1604 2044 1641 laudatur
2070 1616 2091 1642 a
2119 1604 2232 1643 scho-

164 1677 274 1715 liasta
300 1674 565 1723 Aristophanis
594 1676 633 1710 et
659 1685 680 1710 a
708 1672 873 1709 Stobaeo
901 1684 1012 1710 serm.
1041 1672 1089 1710 X.
1118 1677 1157 1710 et
1184 1674 1227 1710 ab
1257 1674 1338 1711 aliis
1357 1671 1409 1724 *).
1463 1674 1629 1713 Maxime
1655 1677 1693 1713 in
1721 1677 1915 1724 posterius
1943 1680 2117 1725 tempus,
2154 1689 2233 1726 quo

166 1761 262 1788 nova
289 1748 485 1786 colebatur
512 1747 733 1792 comoedia,
774 1746 869 1783 haec
897 1746 1131 1784 consuetudo
1160 1746 1301 1795 duplici
1329 1748 1479 1785 nomine
1507 1749 1722 1785 comoedias
1750 1749 1981 1786 inscribendi
2017 1750 2153 1788 cadere
2178 1751 2235 1787 vi-

166 1825 290 1862 detur.
327 1842 380 1849 —
415 1821 473 1859 De
509 1820 708 1870 tragoedia
742 1830 857 1856 unum
894 1820 1008 1857 modo
1046 1820 1256 1868 exemplum
1292 1820 1462 1857 invenire
1497 1822 1630 1869 potui:
1686 1821 1787 1858 ionis
1817 1821 1904 1858 Chii
1938 1822 2072 1869 tragici
2099 1826 2236 1870 poetae

167 1899 400 1935 memoratur
424 1884 575 1937 Φοίνιξ
593 1887 619 1943 ἢ
640 1888 822 1936 Καινεὺς
841 1893 885 1929 ab
905 1893 1043 1929 Athen.
1062 1893 1100 1938 3,
1119 1894 1195 1938 91;
1232 1894 1272 1939 4,
1293 1880 1391 1939 1843
1431 1894 1492 1939 10,
1512 1893 1603 1931 451.
1649 1893 1748 1931 Puto
1767 1894 1905 1942 duplex
1921 1894 1983 1931 hic
2002 1894 2151 1941 quidem
2169 1907 2234 1933 ex-

168 1971 318 2007 stitisse
345 1979 481 2004 nomen
510 1966 680 2002 eiusdem
708 1966 948 2013 tragoediam
1004 1966 1105 2013 quod
1133 1969 1257 2002 autem
1286 1966 1386 2015 apud
1414 1966 1550 2003 Athen.
1577 1968 1617 2012 4,
1644 1966 1708 2004 85.
1736 1966 1914 2016 leguntur
1941 1967 2075 2004 verba:
2104 1963 2148 2005 ἐν
2173 1967 2234 2018 τῷ

170 2038 350 2092 δευτέρῳ
384 2033 568 2081 Φοίνικι,
601 2039 647 2074 ad
675 2038 785 2074 aliam
815 2038 983 2075 eiusdem
1011 2042 1149 2087 poetae
1175 2039 1337 2075 fabulam
1366 2033 1498 2076 eodem
1526 2039 1676 2077 nomine
1703 2034 1902 2084 Φοίνικος
1927 2038 2143 2089 inscriptam
2169 2051 2233 2079 re·

167 2114 362 2154 ferendam
392 2124 479 2150 esse
506 2112 599 2149 mihi
626 2111 890 2159 persuaserim.

278 2186 461 2225 Similiter
489 2184 590 2234 apud
618 2183 808 2221 Romanos
835 2184 1055 2234 tragoediae
1092 2184 1240 2222 nonnisi
1274 2186 1467 2223 rarissime
1502 2185 1711 2222 binomines
1744 2183 1863 2222 fuisse
1897 2185 2093 2231 videntur;
2147 2187 2234 2225 talis

166 2262 239 2299 fuit
265 2260 463 2309 tragoedia
490 2261 618 2307 togata
635 2256 679 2294 L.
698 2257 792 2294 Attii
820 2254 913 2308 (vid.
941 2256 1077 2307 fragm.
1105 2260 1199 2307 trag.
1219 2257 1329 2295 Both.
1358 2271 1443 2308 pag.
1472 2255 1593 2309 161.),
1623 2269 1719 2307 quae
1745 2257 1819 2295 fuit
1846 2258 2046 2307 inscripta:
2076 2258 2233 2298 Aenea·

170 2335 274 2372 adae
299 2333 360 2371 vel
389 2332 555 2378 Decius,
584 2342 658 2379 quo
686 2331 828 2379 duplici
853 2332 1006 2368 nomine
1033 2332 1120 2379 plus
1148 2343 1223 2368 uno
1252 2332 1336 2368 loco
1363 2333 1594 2381 tragoediam
1622 2332 1718 2369 hanc
1744 2334 1908 2381 togatam
1935 2332 2061 2370 laudat
2087 2332 2234 2371 Nonius

170 2408 257 2452 (sub
285 2418 388 2443 voce.
417 2408 659 2450 verruncent,
688 2405 861 2453 sanguis,
896 2402 1103 2455 segnitas).
1159 2405 1269 2451 Quod
1298 2404 1430 2441 Naevii
1457 2405 1691 2453 tragoediam
1718 2404 1966 2441 Protesilaum
1994 2406 2105 2443 etiam
2132 2405 2232 2443 Lao-

172 2481 336 2518 damiam
363 2480 613 2527 nuncupatam
641 2477 764 2515 fuisse
792 2478 966 2527 opinatur
993 2477 1155 2515 Bothius
1184 2477 1291 2527 (ibid.
1318 2490 1404 2529 pag.
1431 2475 1527 2527 91.),
1554 2478 1647 2516 haec
1676 2478 1802 2528 opinio
1828 2478 2095 2517 infirmioribus
2122 2490 2234 2529 argu-

171 2555 307 2593 mentis
335 2553 480 2591 nititur.

276 2627 531 2663 Romanorum
542 2628 668 2666 autem
679 2624 891 2661 comoedias
902 2624 933 2660 si
943 2622 1490 2673 respicimus,†comoediarum,
1502 2636 1599 2674 quae
1610 2624 1811 2676 dupliciter
1819 2624 2029 2675 appellatae
2039 2623 2233 2665 inveniun-

169 2706 244 2747 tur,
272 2701 348 2738 duo
366 2704 454 2737 sunt
473 2712 624 2748 genera.
678 2699 786 2736 Aliae
805 2699 904 2736 enim
922 2699 975 2735 ita
1002 2699 1077 2735 duo
1104 2699 1244 2735 liabent
1270 2700 1429 2745 nomina,
1457 2703 1499 2735 ut
1526 2711 1641 2735 unum
1672 2700 1722 2736 sit
1749 2711 1936 2749 graecum,
1963 2700 2121 2737 alterum
2147 2699 2234 2738 lati·

170 2787 294 2820 num,
330 2772 554 2850 simpEciter
587 2775 715 2810 natum
751 2783 798 2810 ex
832 2773 1031 2818 versione,
1069 2784 1142 2821 qua
1169 2773 1264 2811 illud
1290 2773 1405 2811 latine
1432 2774 1670 2822 interpretati
1696 2777 1784 2811 sunt
1810 2777 1875 2811 aut
1900 2774 1981 2811 vice
2006 2784 2135 2820 versa,
2171 2773 2236 2812 ubi

460 2853 468 2870 l

213 2929 244 2968 ¹)
269 2927 339 2960 vid.
361 2928 455 2961 Voss.
479 2927 521 2959 de
543 2930 630 2968 poet.
655 2927 712 2958 Gr.
736 2935 811 2968 pag.
837 2929 880 2959 36
