2360 3050
1155 104 1208 144 12

1109 156 1254 165 ξ.-

146 233 256 274 nibus
301 233 448 284 graecis
486 232 633 271 fabulas
669 244 759 270 suas
795 233 1022 282 nuncupavit
1044 231 1102 285 *).
1164 232 1304 270 Mirum
1340 234 1422 277 est,
1469 232 1571 280 quod
1612 232 1688 271 hoo
1729 228 1877 282 ipsum,
1923 234 2025 284 quod
2072 236 2149 274 dixi
2187 248 2211 277 a

145 306 283 359 Plauto
310 308 421 351 verti,
448 307 493 342 ab
514 307 598 345 aliis
618 307 760 343 servari
780 308 927 344 nomina
946 319 1094 355 graeca,
1122 309 1254 355 aperte
1282 309 1322 343 et
1349 304 1573 353 simpliciter
1599 312 1916 346 commemoratur
1942 308 1981 347 in
2008 309 2206 359 supposito

145 380 311 432 prologo
337 380 553 427 Bacchidd„
580 392 694 431 quem
721 380 871 418 Silenus
900 381 988 430 agit.
1043 381 1098 417 lbi
1126 391 1200 417 vss.
1229 378 1387 416 35—37
1408 379 1508 416 *haec
1536 379 1740 429 leguntur:
1812 402 1816 408 ·

669 454 870 492 Philemon
894 466 1069 503 graecam
1097 454 1185 491 olim
1214 453 1319 491 dedit
1345 453 1517 514 fabulam,

668 528 778 565 Hanc
806 528 869 576 qui
886 508 1141 577 ⁶graecissant,
1169 527 1376 564 Euantides
1404 529 1643 575 nuncupant3

668 601 839 646 Plautus,
869 601 933 649 qui
961 592 1158 647 latinissat,
1194 604 1303 637 vocat
1331 600 1549 637 Bacchides.

259 673 336 712 Sed
354 674 564 711 Poenulum
582 674 694 711 aliter
707 675 884 711 Plautum
902 676 1023 723 ipsum
1043 675 1223 710 nominari
1243 674 1420 717 voluisse,
1448 672 1672 722 intelligitur
1689 685 1735 710 ex
1756 674 1930 724 prologo.
1984 676 2059 714 Hic
2084 675 2213 726 prolo-

150 758 245 797 gus,
273 759 386 796 quem
414 746 567 795 Lipsius
597 746 646 783 de
674 747 866 795 Amphith.
896 747 1019 784 c..15.
1049 747 1284 790 Plautinum,
1323 758 1397 783 non
1426 746 1558 782 Plauti>
1578 758 1663 782 esse
1690 747 1805 792 dicit,
1840 749 1930 784 mihi
1958 749 2108 796 quidem
2134 752 2213 785 tum

154 832 356 866 sermone,
392 824 472 856 tum
509 831 645 865 sensu,
681 822 761 856 tum
789 823 912 856 metro
940 821 1111 868 proxime
1137 820 1183 856 ad
1212 819 1334 856 Plauti
1363 812 1552 868 ingenium
1580 823 1818 868 aetatemque
1844 821 2024 858 accedere
2049 822 2215 867 videtur,

156 898 201 932 ut
226 906 450 943 persuasum
477 894 568 929 mibi
596 894 659 937 sit,
688 894 779 929 satis
807 906 976 941 magnam
1005 898 1149 941 partem
1178 902 1267 928 vere
1295 905 1315 927 a
1333 892 1468 948 Plauto
1490 904 1574 928 esse
1602 893 1793 941 scriptam,
1819 893 1920 931 haud
1947 905 2065 943 pauca
2090 896 2215 931 tamen

154 966 330 1017 posthac,
358 978 427 1003 nec
455 970 579 1004 tamen
606 966 726 1003 multo
754 970 855 1015 post,
884 979 971 1003 esse
998 966 1145 1011 addita,
1174 970 1337 1010 mutata,
1366 965 1542 1001 nonnulla
1571 966 1681 1002 etiam
1709 967 1860 1011 vitiata;
1914 968 2021 1015 prior
2046 967 2215 1004 nomina-

151 1039 220 1076 tim
247 1052 336 1088 pars
364 1051 439 1075 non
467 1052 488 1076 a
514 1039 650 1076 Plauto
679 1043 764 1077 orta
792 1051 878 1076 esse
906 1040 1066 1076 videtur.
1121 1038 1178 1075 De
1203 1038 1354 1075 nomine
1379 1037 1526 1074 fabulae
1554 1037 1732 1086 leguntur
1758 1050 1831 1075 vss.
1868 1039 2057 1077 53-55.
2096 1040 2215 1078 haec:

157 1110 441 1148 Carchedonius
475 1117 637 1149 vocatur
671 1112 767 1149 haec
802 1113 1022 1156 comoedia;
1077 1112 1202 1148 latine
1240 1111 1434 1147 Plautus:
1486 1110 1660 1147 Patruus
1697 1111 2055 1163 Pultiphagonides.
2110 1113 2216 1162 Quae

150 1186 266 1223 verba
293 1198 504 1233 quanquam
532 1186 760 1233 interpolata
789 1199 876 1222 esse
902 1190 1006 1233 patet
1032 1187 1210 1232 iustoque
1238 1186 1493 1232 negligentius
1522 1185 1684 1232 scripte,
1722 1188 1869 1230 tamen,
1897 1186 2000 1233 quod
2025 1186 2073 1222 iis
2099 1186 2215 1223 doce-

152 1261 236 1305 tur,
273 1258 322 1297 de
360 1270 406 1296 eo
435 1258 608 1296 dubitare
635 1258 838 1296 nonlicet.
892 1258 1122 1296 Incuriosius
1160 1259 1343 1306 scriptum
1381 1262 1461 1294 est:
1517 1258 1642 1294 latine
1668 1258 1838 1295 Plautus
1865 1256 2040 1308 (vertit);
2093 1256 2214 1308 negli-

152 1331 305 1379 gentius
333 1331 482 1366 additur
508 1342 668 1368 nomen:
721 1330 894 1367 Patruus
920 1330 1289 1379 Pultoplzagonides.
1345 1329 1481 1377 Neque
1509 1330 1608 1368 enim
1637 1330 1838 1379 quidquam
1864 1333 2097 1380 mutaverim,
2129 1345 2216 1371 cum

152 1404 191 1439 in
229 1404 340 1439 codd.
369 1416 553 1450 nusquam
583 1408 762 1452 appareat
787 1404 946 1439 varietas
975 1403 1146 1438 lectionis
1175 1405 1214 1437 et
1241 1402 1347 1437 locus
1374 1403 1445 1438 iam
1474 1403 1626 1451 antiqno
1654 1406 1827 1454 tempore
1853 1405 2103 1456 interpolatus
2130 1406 2218 1446 esse

153 1476 336 1513 videatur.
391 1476 583 1513 Discimus
609 1488 655 1513 ex
681 1477 763 1521 his,
802 1477 992 1524 quomodo
1020 1476 1176 1511 Plautus
1204 1475 1365 1510 fabulam
1393 1477 1585 1512 nominare
1612 1477 1797 1523 voluerit;
1849 1480 2044 1529 inscripsit
2070 1480 2216 1519 Patru-

152 1560 219 1586 mn
255 1548 631 1599 Pultiphagoniden,
674 1549 745 1587 nisi
782 1550 866 1598 quis
901 1549 1072 1587 maluerit
1101 1548 1294 1584 Patrunm
1330 1549 1554 1596 simpliciter
1587 1549 1828 1597 inscripsisse
1862 1553 2038 1590 Plautum
2075 1555 2216 1591 omisso

152 1622 334 1658 vocabulo
363 1619 729 1668 Pultiphagoniden.
796 1620 928 1657 Facile
955 1619 1052 1655 enim
1079 1618 1147 1654 tibi
1174 1619 1430 1666 persuaseris,
1470 1620 1565 1657 illud
1591 1621 1790 1660 ridiculum
1816 1634 1954 1662 nomen
1979 1627 2213 1675 patronymi-

153 1706 239 1731 cum
266 1707 338 1741 per
364 1695 486 1729 iocum
515 1693 559 1728 ab
587 1692 859 1738 interpolatore
886 1703 973 1726 esse
999 1692 1205 1734 adiectum3
1259 1691 1327 1726 sed
1354 1693 1407 1727 ita
1433 1703 1508 1728 non
1536 1693 1649 1729 statui
1676 1703 1813 1741 posse,
1853 1697 2049 1746 apparebit
2084 1709 2129 1737 ex
2155 1699 2217 1747 ils,

156 1779 253 1816 quae
279 1766 375 1805 infra
402 1766 455 1803 ‹le
478 1765 554 1803 hoc
580 1764 692 1802 titulo
719 1765 902 1802 dicentur.
956 1764 1108 1808 Postea,
1135 1764 1300 1800 fortasse
1328 1777 1402 1800 non
1429 1766 1481 1800 ita
1506 1766 1625 1801 multo
1651 1769 1740 1812 post
1757 1767 1970 1804 Poenulum
1986 1770 2085 1807 hauc
2106 1772 2215 1810 fabu-

154 1840 227 1879 lam
255 1841 514 1885 nominarunt,
548 1849 623 1887 quo
652 1837 803 1876 nomine
830 1836 973 1886 ubique
998 1836 1239 1875 Grammatici
1267 1841 1435 1876 utuntur.
1488 1838 1680 1876 Patruum
1698 1839 1867 1879 fabulam
1894 1854 2052 1890 usquam
2077 1848 2216 1893 vocari,

156 1915 320 1952 nondum
349 1913 522 1961 equidem
550 1911 692 1960 reperi.

261 1988 469 2025 verissime
486 1990 610 2022 autem
627 1986 720 2021 vidit
738 1985 1105 2032 docuitqueRostius
1124 1985 1172 2022 de
1182 1984 1331 2022 nomine
1345 1984 1509 2023 casinae
1516 1999 1534 2031 ,·
1558 1986 1632 2024 hoc
1653 1985 1753 2027 enim
1767 1999 1841 2028 non
1859 2000 1947 2029 esse
1960 1991 2172 2040 profectum
2189 2012 2212 2038 a

156 2063 305 2108 Plauto,
317 2062 403 2098 luce
413 2061 549 2097 clarius
561 2063 666 2108 patet
677 2071 722 2096 ex
731 2059 904 2108 prologo,
921 2071 1031 2107 quem
1042 2060 1190 2106 quidem
1202 2071 1274 2095 non
1287 2071 1372 2096 esse
1383 2059 1521 2105 Plauti,
1535 2060 1732 2108 neminem,
1748 2063 1813 2111 qui
1822 2063 1928 2114 legit,
1943 2065 2076 2116 fugiet.
2102 2070 2215 2109 Haud

156 2137 270 2174 dubie
292 2139 416 2172 tamen
444 2135 555 2170 etiam
581 2134 644 2170 hic
670 2133 780 2181 plura
807 2137 952 2169 servata
980 2136 1091 2178 sunt,
1127 2145 1224 2179 quae
1248 2133 1403 2169 Plautus
1441 2134 1523 2181 ipse
1558 2135 1785 2183 scripserat,
1820 2138 2040 2178 nominatim
2078 2143 2213 2191 quibus

155 2209 317 2248 docetur
351 2208 401 2245 de
438 2208 589 2245 nomine
625 2210 664 2244 et
700 2210 933 2255 argumento.
986 2205 1171 2244 Videmus
1207 2217 1253 2244 ex
1289 2206 1453 2256 prologo
1479 2207 1653 2246 Plautum
1678 2209 1831 2249 inscribi
1858 2212 2028 2252 voluisse
2053 2215 2215 2255 fabulam

159 2282 389 2321 Sortientes.
444 2280 644 2331 Leguntur
669 2281 768 2318 enim
795 2291 870 2316 vss.
897 2278 1069 2317 30—34.
1095 2279 1213 2316 haec:

676 2353 907 2389 Comoediae
934 2353 1006 2388 iam
1032 2363 1168 2388 nomen
1195 2352 1284 2389 dare
1309 2352 1415 2389 vobis
1442 2352 1555 2392 volo}

677 2426 938 2463 Clerumenoe
961 2428 1120 2462 vocatur
1145 2426 1241 2462 haec
1267 2427 1463 2463 comoedia

673 2499 845 2542 Graece3
898 2497 1012 2534 latine
1038 2498 1262 2536 Sortientes.
1316 2498 1495 2547 Diphilus

671 2573 781 2612 Hanc
807 2584 946 2623 graece
972 2573 1141 2623 scripsit3
1194 2573 1322 2623 postid
1348 2585 1480 2611 rursus
1508 2573 1635 2612 denuo

673 2646 812 2685 Latine
838 2646 996 2684 Plautus
1025 2657 1109 2685 cum
1136 2646 1288 2685 latranti
1319 2647 1481 2685 nomine.

157 2722 269 2771 Quod
313 2727 504 2771 postrema
548 2720 726 2757 vocabula
768 2731 854 2756 cum
900 2721 1071 2756 latranti
1112 2722 1264 2757 nomine
1309 2721 1462 2768 quidam
1505 2720 1720 2760 retulerunt
1761 2722 1807 2762 ad
1851 2735 1987 2765 nomeu
2035 2724 2214 2778 casinae,

158 2798 264 2845 quasi
291 2798 328 2834 ei
357 2797 446 2833 insit
472 2795 700 2844 significatio
727 2794 911 2842 quaedam
936 2795 1061 2841 cenis,
1089 2795 1128 2831 id
1157 2794 1347 2843 quomodo
1375 2795 1460 2832 fieri
1485 2796 1673 2844 potuerit,
1699 2807 1835 2846 nemo,
1872 2799 2032 2850 opinor,
2069 2801 2211 2845 intem.

198 2951 227 2988 ⁸)
250 2950 300 2983 ef.
323 2950 443 2983 Osann.
467 2949 547 2982 anal.
574 2959 614 2982 cr.
640 2960 736 2993 pagg.
763 2951 953 2984 162—164.
