2360 3050
1117 65 1170 105 lo

114 194 332 235 Aululariae
343 196 468 232 ortum
480 203 579 239 esse,
599 191 712 242 paulo
722 191 965 239 incuriosius,
980 192 1012 230 si
1022 192 1165 242 logices
1178 192 1329 241 quidem
1339 192 1463 244 legem
1473 196 1705 243 spectemus,
1718 196 1960 239 inscribente.
1986 202 2180 243 Aulularia

114 272 175 308 est
187 268 325 315 fabula,
343 269 448 305 cuius
463 278 608 304 summa
623 267 785 304 vertitur
799 267 899 305 circa
912 266 1033 304 aulam
1049 267 1128 304 auri
1143 266 1304 317 plenam,
1324 268 1402 305 sive
1416 268 1634 306 thesaurum
1643 269 1681 307 in
1691 274 1794 310 terra
1803 273 1979 314 abditum.
2007 277 2178 324 Accedit,

114 343 218 391 quod
232 343 332 378 idem
350 342 482 377 titulus
499 341 728 386 Aululariae,
756 344 799 377 ut
819 353 840 377 e
859 341 1079 390 fragmentis
1099 341 1278 378 discimus
1297 342 1388 390 (vid.
1408 341 1518 378 Both.
1538 354 1622 392 pag.
1639 343 1731 381 203.
1748 349 1789 382 et
1808 345 1934 398 2⁰8),
1961 348 2036 387 fuit
2063 350 2177 389 etiam

113 416 332 454 comoediae
358 415 503 452 cuidam
523 415 688 459 Laberii,
716 415 817 450 unde
843 426 979 451 nomen
1008 415 1182 451 usitatius
1211 416 1308 463 apud
1328 415 1518 452 Romanos
1545 415 1666 453 fuisse
1693 419 1852 456 credere
1877 420 2002 460 liceat.
2035 423 2176 470 Quam-

114 488 244 526 obrem
280 487 446 526 fortasse
484 500 559 526 non
595 500 618 525 a
647 499 739 525 vero
772 487 923 524 aberrat
957 487 1163 537 Stephan.,
1208 489 1273 537 qui
1300 488 1431 527 Naevii
1455 489 1669 527 Erulariam
1694 491 1775 528 vult
1801 492 1922 531 fuisse
1947 495 2177 536 Aululariam

113 557 209 610 (vid.
237 562 349 598 Both.
377 574 461 610 pag.
491 561 585 608 15.).
1293 604 1295 606 v

219 635 331 681 Quod
359 635 524 681 denique
550 633 706 670 Rostius
733 645 818 683 pag.
846 633 910 671 11.
937 633 1059 679 addit,
1101 660 1126 679 „
1146 644 1220 671 non
1247 634 1354 683 prius
1382 633 1429 671 ad
1456 635 1678 672 sententiam
1706 646 1860 683 eorum,
1897 638 1963 685 qui
1990 637 2177 677 eiusmodi

113 707 281 753 „titulos
311 707 453 744 adscito
481 707 633 743 nomine
650 707 821 755 fabulae
847 707 907 744 vel
935 707 1156 745 comoediae
1183 707 1487 756 interpretandos
1517 719 1603 745 esse
1630 709 1841 755 statuerint,
1868 721 2107 749 accessurum
2133 722 2178 749 se

113 808 138 827 „
150 792 260 827 esse,
304 793 414 829 quam
450 781 550 830 apud
579 780 697 817 ullum
724 782 922 830 probatum
950 786 990 818 et
1017 783 1209 830 antiquum
1237 783 1460 830 scriptorem
1486 782 1705 819 vocabuhun
1721 783 1867 830 sabula
1893 785 1954 821 vel
1981 785 2177 822 comoedia

114 854 256 900 „illius
284 854 429 891 formae
457 855 670 891 nominibus
696 866 787 891 vere
814 854 1029 891 adiunctum
1058 856 1297 900 invenerit,“
1324 855 1361 892 id
1389 867 1520 904 parum
1546 855 1675 891 valere
1699 856 1860 893 videtur.
1913 856 2009 894 Nam
2034 868 2084 895 ne
2108 868 2176 895 vo-

112 927 287 964 cabulum
309 929 448 977 puella
478 928 630 976 quidem
657 940 816 976 usquam
845 929 1062 978 adiungitur
1089 929 1166 966 illis
1193 929 1403 966 nominibus
1433 932 1471 965 et
1497 928 1639 974 titulis,
1676 928 1811 977 quibus
1840 928 1995 967 Rostius
2031 930 2176 979 signifi·

110 1001 187 1038 cari
213 1001 294 1037 vult
314 1002 509 1049 puellam,
540 1013 615 1038 non
642 1002 806 1037 fabulam
834 1002 896 1037 vel
924 1002 1167 1039 comoediam.
1222 1003 1532 1050 Quotiescunque
1558 1002 1755 1038 laudantur
1783 1002 2006 1047 Corollaria,
2035 1001 2175 1039 Tabel-

109 1072 222 1118 laria,
250 1073 478 1118 Frivolaria,
507 1074 740 1119 Clitellaria,
774 1074 974 1119 Bacenis,
1011 1075 1146 1122 quibus
1174 1074 1294 1111 titulis
1316 1075 1492 1124 puellam
1519 1075 1642 1110 notari
1669 1078 1800 1111 censet
1825 1074 1983 1110 Rostius
2010 1085 2095 1122 pag.
2121 1074 2176 1120 9.,

108 1156 294 1193 nusquam
330 1146 472 1194 legitur
510 1147 721 1183 Corollaria
757 1147 903 1195 puella,
944 1146 1158 1183 Tabellaria
1191 1147 1329 1196 puella.
1385 1146 1520 1195 Neque
1553 1147 1591 1183 id
1627 1147 1765 1183 mirum
1800 1150 1883 1191 est;
1937 1145 2038 1183 tituli
2075 1145 2176 1184 enim

111 1222 224 1262 sunt;
279 1222 322 1255 ut
350 1223 475 1255 autem
504 1220 588 1267 ipse
616 1219 775 1255 Rostius
803 1231 890 1268 pag.
919 1219 982 1256 11.
1009 1220 1208 1256 admodum
1236 1219 1425 1256 subtiliter
1458 1220 1645 1267 docteque
1681 1219 1874 1267 exposuit,
1915 1217 2074 1255 Romani
2099 1228 2176 1256 non

107 1291 232 1326 minus
260 1294 375 1338 atque
404 1292 555 1337 Graeci,
589 1292 690 1339 quod
718 1293 769 1328 ita
795 1292 915 1328 fuisse
942 1293 1143 1329 admodum
1170 1293 1332 1337 mireris,
1360 1295 1602 1329 assueverant
1628 1292 1791 1329 carmina
1817 1291 2027 1331 inscribere
2052 1288 2176 1328 titulis

107 1362 304 1401 foeminini
334 1365 510 1411 generis3
566 1366 666 1402 unde
692 1365 874 1401 habemus
903 1365 1069 1409 lliadem,
1106 1365 1331 1412 Odysseam,
1360 1365 1565 1408 Thebaida,
1602 1366 1832 1410 Aeneidem3
1888 1365 2025 1413 quibus
2051 1365 2175 1402 nemi-

109 1435 217 1473 nibus
233 1436 429 1473 foeminini
449 1438 600 1485 generis
621 1450 807 1485 nusquam
824 1438 942 1474 ullum
961 1439 1137 1474 adiicitur
1156 1438 1441 1481 substantivum,
1468 1450 1593 1485 neque
1610 1442 1729 1486 patet,
1759 1439 1945 1486 quodnam
1964 1441 2052 1487 apte
2065 1438 2175 1476 adiici

107 1508 243 1557 possit.
299 1508 472 1546 Carmina
511 1509 718 1547 foeminino
759 1511 910 1548 nomine
943 1511 1153 1548 inscribere
1186 1511 1378 1548 veteribus
1404 1511 1477 1548 fuit
1504 1512 1542 1549 iu
1569 1523 1696 1556 more3
1752 1511 1962 1559 eademque
1988 1511 2037 1549 de
2063 1521 2176 1548 causa

108 1591 155 1617 eo
181 1580 329 1617 facilius
359 1583 470 1617 etiam
498 1584 650 1619 comicis
677 1583 858 1620 Romanis
886 1582 1033 1619 fabulas
1060 1581 1128 1618 illo
1156 1583 1270 1618 modo
1296 1582 1507 1630 formaque,
1535 1584 1584 1619 de
1612 1595 1684 1630 qua
1709 1582 1772 1618 hic
1792 1593 1917 1618 sermo
1938 1585 2011 1627 est,
2036 1582 2174 1620 inscri-

106 1653 200 1690 bere
234 1654 382 1689 licebat.
438 1654 536 1690 Cum
570 1655 643 1689 ista
678 1654 794 1702 igitur
837 1654 1112 1691 consuetudine
1138 1655 1279 1702 optime
1306 1656 1503 1700 convenit,
1541 1655 1644 1702 quod
1671 1653 2015 1692 Vectiicuiusdam
2042 1653 2175 1692 Titinii

108 1726 303 1763 comoedia
330 1726 428 1773 apud
457 1727 718 1773 grammaticos
745 1730 903 1762 vocatur
930 1729 969 1764 et
994 1726 1183 1763 Fullones
1211 1730 1250 1763 et
1276 1727 1463 1763 Fullonia
1490 1727 1558 1772 (cf.
1585 1727 1698 1762 Both.
1726 1737 1822 1762 com.
1849 1737 1933 1774 pag.
1960 1724 2046 1773 60.)

213 1799 285 1836 His
303 1800 489 1844 omnibus,
511 1811 607 1847 quae
620 1799 819 1846 hucusque
832 1799 1028 1847 proposui,
1051 1800 1173 1836 animo
1187 1800 1400 1848 perpensis,
1419 1811 1492 1836 non
1507 1810 1675 1847 possum,
1700 1798 1790 1845 quin
1803 1797 1895 1834 mihi
1910 1798 2171 1845 persuadeam,

106 1870 283 1908 Plautum
297 1872 421 1919 ipsum
437 1883 482 1907 ex
496 1875 667 1907 veterum
682 1872 911 1907 comicorum
927 1872 1200 1908 consuetudine
1218 1873 1362 1920 optimo
1381 1872 1464 1908 iure
1481 1871 1655 1920 potuisse
1671 1868 1816 1906 fabulas
1834 1869 2040 1907 inscribere
2059 1870 2173 1909 etiam

106 1944 245 1990 titulis,
273 1945 339 1992 qui
356 1944 537 1981 finiuntur
553 1944 815 1981 terminatione
835 1945 934 1990 aria,
962 1945 1036 1981 etsi
1053 1955 1127 1981 non
1144 1945 1285 1992 puella,
1313 1945 1380 1980 sed
1398 1944 1524 1980 fabula
1549 1947 1589 1980 et
1616 1943 1811 1979 comoedia
1838 1943 1891 1978 sit
1917 1943 2175 1992 intelligenda.

108 2016 186 2054 Sed
212 2018 452 2055 nihilominus
481 2029 529 2054 ne
554 2019 747 2063 reticeam,
775 2018 878 2065 quod
905 2018 944 2054 in
970 2018 1132 2055 aninuun
1157 2018 1281 2062 venit,
1322 2018 1361 2054 in
1388 2018 1449 2062 iis,
1478 2029 1574 2064 quae
1600 2028 1723 2064 nuper
1750 2016 1800 2052 de
1826 2015 1915 2052 crisi
1940 2015 2078 2053 Plauto
2104 2016 2171 2054 ad-

107 2090 269 2127 hibenda
296 2091 335 2126 in
362 2090 501 2127 Museo
528 2086 760 2136 Rhenano*)
788 2090 1007 2127 doctissime
1032 2090 1185 2139 scripsit
1210 2090 1454 2135 Ritschelius,
1482 2088 1552 2127 Vir
1577 2088 1870 2133 celeberrimus,
1898 2099 2011 2136 quem
2040 2091 2166 2127 textus

108 2163 272 2201 Plautini
298 2164 560 2201 restitutorem
584 2163 670 2201 fore
696 2164 770 2201 iam
798 2175 950 2209 omnes,
989 2164 1053 2212 qui
1071 2163 1245 2201 Plautum
1266 2164 1306 2200 in
1334 2163 1480 2200 deliciis
1507 2162 1669 2208 habent,
1702 2162 1795 2199 laeti
1821 2165 1999 2210 sperant,
2033 2161 2168 2210 legun-

107 2240 173 2273 tur
199 2238 312 2274 etiam
338 2237 464 2282 verba,
492 2247 589 2284 quae
617 2236 720 2285 (pag.
748 2233 856 2286 156.)
884 2236 1053 2286 Poggius
1079 2238 1118 2273 in
1146 2236 1330 2284 epistola,
1369 2247 1480 2283 quam
1506 2235 1556 2272 de
1581 2236 1735 2272 invento
1762 2234 1889 2271 Plauti
1916 2234 2048 2271 codice
2074 2235 2168 2272 scri-

108 2309 167 2346 bit
177 2309 222 2346 ad
241 2309 413 2354 amicum,
440 2308 589 2358 profert
605 2310 695 2345 satis
712 2309 989 2346 memorabilia:
1022 2308 1218 2354 „Nomina
1237 2309 1512 2346 comoediarum
1520 2309 1545 2328 “
1570 2305 1713 2359 (Plauti
1729 2308 1768 2345 in
1784 2307 1854 2344 illo
1873 2305 2025 2359 codice)
2049 2310 2173 2354 „sunt

113 2383 242 2428 „haec
261 2395 346 2420 ciun
364 2383 560 2431 principiis
577 2403 631 2410 —
648 2394 723 2419 -:
752 2382 877 2420 Plauti
894 2383 933 2419 in
943 2383 1238 2431 Amphitruone3
1265 2383 1351 2428 alia,
1370 2382 1430 2419 cui
1445 2382 1554 2420 deest
1567 2392 1725 2426 nomem
1753 2380 1793 2418 in
1802 2380 2014 2426 Aulularia3
2040 2380 2168 2421 quu-

111 2456 293 2500 „clione;
346 2456 385 2492 in
415 2456 584 2504 Captivis
610 2475 664 2483 —
690 2457 791 2491 —.“
860 2453 1042 2492 Videmus
1076 2455 1140 2492 hic
1174 2455 1214 2493 in
1240 2455 1372 2492 codice
1398 2454 1503 2499 MS„
1543 2454 1608 2502 qui
1640 2453 1805 2491 fortasse
1840 2453 1880 2490 in
1906 2453 2012 2490 Italia
2036 2453 2171 2492 alicubi

112 2528 236 2566 adbuc
261 2515 469 2574 delitescit,
497 2528 728 2566 Aululariam
754 2528 980 2573 memorari;
1020 2529 1207 2566 adduntur
1232 2529 1345 2566 verba
1371 2528 1413 2565 in
1438 2527 1641 2573 Eut-lione,
1669 2527 1761 2564 satis
1789 2526 1949 2564 obscure
1976 2529 2016 2564 et
2041 2527 2169 2576 aenig-

111 2601 259 2640 matice.
312 2600 408 2640 Nam
435 2602 587 2640 nomina
612 2604 758 2640 tantum
785 2601 865 2640 illic
890 2603 1067 2640 notantur
1090 2601 1313 2648 fabularum,
1347 2612 1423 2639 non
1449 2611 1707 2650 personarum.
1761 2598 1876 2647 Quid,
1913 2599 1948 2638 si
1971 2599 2048 2638 hoc
2073 2599 2171 2639 alte-

112 2686 198 2711 rum
223 2675 340 2711 fuerit
366 2686 504 2712 nomen
532 2678 572 2711 et
597 2674 731 2711 titulus
759 2674 930 2711 eiusdem
957 2674 1187 2720 comoediae,
1222 2673 1389 2711 fortasse
1415 2672 1460 2709 ab
1488 2672 1573 2722 ipso
1599 2671 1735 2709 Plauto
1761 2671 2001 2720 impositum,
2040 2674 2086 2710 ut
2102 2671 2171 2711 >bi-

112 2748 300 2785 nominem
326 2748 400 2784 iam
425 2748 628 2784 habeamus
656 2748 841 2793 fabulam,
869 2747 1123 2785 Aululariam
1148 2747 1209 2784 vel
1235 2747 1494 2783 Euclionem?
1547 2745 1602 2782 Ita
1629 2744 1782 2794 quidem
1809 2745 1922 2782 etiam
1947 2744 2169 2795 Amphitru-

113 2833 243 2864 onem,
278 2821 503 2868 Epidicum,
540 2821 768 2867 Bacchides,
803 2821 1097 2868 Menaechmos,
1133 2820 1304 2859 Stichum
1328 2820 1523 2869 inscripsit
1548 2819 1703 2857 Plautus
1729 2819 1883 2857 nomine
1906 2828 2168 2868 personarum,

154 2901 186 2943 ⁸)
208 2903 239 2935 4.
259 2900 369 2943 Jahrg.
391 2905 422 2935 2.
445 2900 509 2934 und
529 2902 561 2935 4.
583 2901 673 2935 Hert.
