2360 3050
128 236 291 288 §gakri
316 236 375 274 rei
401 234 617 281 adhaerent,
652 243 728 283 quo
756 242 845 271 casu
871 232 920 271 ad
946 232 1202 282 explicandam
1229 230 1500 281 generaliorem
1536 230 1695 280 aliquam
1731 231 1920 267 notionem
1954 231 2049 268 nihil
2090 231 2186 269 lucis

134 310 344 356 ,affer-unt.
396 309 495 345 Hinc
523 310 582 353 fit,
609 310 652 343 nt
677 307 739 344 lex
764 307 1023 351 frumentaria,
1051 307 1209 354 agraria,
1237 305 1429 341 tabellaria
1455 308 1561 340 recte
1588 306 1640 340 ita
1667 308 1860 348 vocentur,
1889 305 1975 351 quia
2002 305 2098 341 tales
2125 305 2186 341 su—

132 386 279 428 „erunt
302 383 432 430 legum
461 382 633 430 species3
685 381 752 417 sed
780 380 872 427 quid
899 380 951 416 sit
977 379 1102 416 fabula
1128 379 1319 423 aulularia,
1355 378 1524 422 asinaria,
1563 377 1776 421 cistellaria,
1814 380 1856 413 ut
1884 377 1958 414 hoc
1984 376 2187 426 intelligas,

128 439 390 504 „priusquam
426 454 543 503 ipsam
580 453 720 502 legeris
758 455 822 490 aut
856 452 1107 502 spectaveris,
1151 451 1298 501 Oedipo
1334 451 1401 488 tibi
1436 451 1652 487 coniectore
1688 461 1783 498 opus
1826 451 1908 486 erit.
1972 449 2188 494 Istiusmodi

130 526 268 574 „enim
294 526 410 572 tituli,
447 526 512 575 qui
539 525 772 575 respondent
796 524 1020 561 vernaculo:
1061 523 1362 573 Topfcomoedie,
1390 522 1710 567 Eselscomoedie,
1749 533 1823 558 non
1850 523 2043 570 proprium
2070 522 2189 559 edunt

135 600 391 644 „comoediae
426 611 585 642 nomen,
621 599 689 635 sed
717 599 890 646 proprias
917 598 1125 634 fabularum
1150 598 1290 634 formas
1318 597 1553 644 significant,
1593 609 1688 643 quae
1723 600 1845 632 tamen
1873 596 1997 632 nullae
2024 596 2186 632 fuerunt.

134 672 299 725 „Quare
328 684 349 709 a
376 684 436 709 me
462 672 665 720 impetrare
691 665 854 719 nequeo,
881 673 925 717 ut
941 670 1125 717 Plautum,
1154 671 1213 708 cui
1240 671 1280 707 in
1305 682 1415 707 manu
1443 672 1549 707 erant
1571 669 1754 706 rectiores
1773 668 1886 714 tituli,
1915 668 2029 714 asina,
2057 667 2185 705 cistel-

133 742 226 790 „la,
263 743 407 789 aulula,
451 743 598 780 illarum
633 743 918 792 inscriptionum
962 746 1153 780 auctorem
1187 743 1307 779 fuisse
1343 754 1537 787 censeam,
1591 742 1659 779 sed
1695 742 1809 787 alios,
1851 742 2063 789 quicunque
2102 740 2188 778 fue-

134 820 278 864 „ui-unt,
315 818 529 854 inventores
558 829 684 854 earum
711 820 828 866 puto,
863 819 1012 853 veteres
1038 817 1141 854 sorte
1168 817 1448 866 grammaticos,
1484 819 1527 852 ut
1553 815 1786 861 Varronem,
1814 815 2000 859 Nouium,
2028 815 2187 851 Festum

134 915 161 935 „
170 890 342 937 aliosque
351 890 502 925 illorum
512 891 623 926 aetati
633 902 814 938 suppares
826 893 890 926 aut
899 901 942 926 ea
948 890 1095 938 priores
1107 903 1118 934 ς
1147 890 1211 937 qui
1228 902 1312 926 cum
1323 890 1632 926 administrandae
1642 901 1730 924 suae
1740 889 1951 936 provinciae
1961 888 2079 936 gratia
2089 898 2186 936 opus

135 962 353 1009 „haberent
380 962 559 1000 librorum
585 962 927 1011 titulis,.quasdam
955 962 1146 1000 Plautinas
1173 962 1335 1008 fabulas,
1370 962 1417 999 iis
1445 973 1535 999 casu
1563 962 1686 1010 aliquo
1714 965 1905 1007 carentes,
1941 961 2186 1011 inscripsisse

129 1034 344 1080 „videntur
379 1035 610 1080 nominibus,
648 1046 745 1083 quae
780 1038 1000 1084 argumento
1034 1038 1227 1083 utcunque
1262 1038 1391 1071 essent
1424 1035 1681 1071 convenientia
1716 1037 1755 1070 et
1790 1035 1837 1070 ad
1868 1034 2026 1070 sormam
2053 1033 2188 1069 similia

136 1107 269 1152 „illis,
308 1120 403 1155 quae
431 1108 530 1156 apud
557 1108 648 1144 alios
676 1112 810 1156 poetas
837 1109 1109 1156 reperirentur.
1121 1110 1145 1128 ‘⁶
1201 1108 1299 1152 Sed,
1336 1109 1438 1155 quod
1473 1121 1567 1156 pace
1594 1108 1748 1144 fecerim
1773 1108 1934 1143 manium
1962 1108 2062 1144 illius
2089 1106 2187 1151 Viri,

134 1182 178 1216 ut
204 1180 251 1217 ad
277 1180 443 1229 priorem
471 1191 631 1226 causam,
662 1192 771 1228 quam
798 1181 979 1218 leviorem
1009 1192 1095 1218 esse
1123 1181 1206 1229 ipse
1235 1180 1467 1229 significasse
1494 1180 1663 1226 videtur,
1691 1180 1952 1229 respondeam,
1989 1180 2035 1217 ad
2062 1180 2186 1224 istam,

136 1262 234 1300 quae
268 1264 290 1289 a
324 1252 444 1289 forma
471 1252 702 1289 diminutiva
728 1254 890 1302 repetita
920 1256 1001 1299 est,
1043 1254 1155 1290 etiam
1182 1253 1220 1289 iu
1247 1252 1367 1289 titulis
1397 1234 1690 1298 comoediarum,
1730 1265 1821 1300 quas
1851 1253 1912 1288 alii
1941 1253 2187 1301 scripserunt,

131 1322 288 1361 formam
314 1325 411 1360 hanc
436 1326 474 1361 in
501 1336 572 1360 usu
598 1325 718 1362 fuisse
745 1326 1072 1373 deprehendimus.
1126 1325 1287 1370 Scimus,
1315 1328 1357 1360 ut
1384 1336 1430 1361 ex
1456 1326 1539 1373 ipso
1568 1325 1692 1360 Rostii
1720 1325 1848 1360 libello
1876 1337 1961 1373 pag.
1988 1326 2025 1361 9.
2055 1336 2183 1360 exem-

132 1396 197 1445 plu
224 1408 387 1442 sumam,
422 1398 514 1433 duas
541 1398 672 1434 Naevii
700 1399 893 1434 exstitisse
920 1398 1154 1442 comoedias,
1192 1409 1350 1444 quarum
1377 1410 1449 1433 una
1478 1398 1707 1442 Corollaria,
1744 1398 1860 1433 altera
1888 1397 2102 1432 Tabellaria
2128 1397 2184 1433 in-

127 1469 273 1518 scripta
308 1469 427 1507 fuisse
461 1469 606 1515 fertur3
659 1470 823 1519 puellam
859 1469 1065 1519 significari
1102 1469 1215 1506 docet
1243 1468 1421 1515 Rostius,
1457 1469 1542 1515 hic,
1581 1481 1677 1517 quae
1713 1469 1871 1506 tabellas
1907 1468 2060 1513 afferat,
2096 1468 2188 1513 illic,

137 1552 240 1593 quaev
261 1542 424 1577 corollas
451 1546 587 1578 nectat.
641 1543 697 1577 Ac
725 1542 911 1587 similiter,
940 1543 973 1577 si
1000 1542 1209 1589 fragmenta
1237 1540 1488 1588 inspiciuntur
1516 1543 1741 1576 comicorum
1766 1541 1896 1585 Rom,
1933 1553 1954 1575 a
1981 1540 2100 1575 forma
2126 1541 2186 1575 di-

131 1614 311 1651 minutiva
343 1615 442 1651 haud
477 1627 564 1651 raro
599 1618 733 1662 poetas
770 1614 974 1661 repetiisse
1001 1614 1178 1649 discimus
1204 1613 1409 1649 fabularum
1437 1616 1605 1658 nomina;
1661 1615 1713 1650 sic
1742 1614 1903 1650 Naevius
1932 1618 1971 1650 et
1999 1613 2185 1650 Pacuvius

127 1683 227 1737 (vid.
255 1688 381 1725 Bothii
408 1687 606 1736 fragment.
634 1699 745 1735 pagg.
772 1687 834 1723 21.
865 1690 903 1723 et
929 1683 1013 1736 28.)
1042 1690 1204 1733 uterque
1232 1685 1510 1722 Tuniculariam
1539 1689 1850 1734 composuerunt,
1883 1685 2024 1722 Novius
2053 1685 2185 1735 Togu-

127 1758 264 1796 chriam
293 1757 396 1807 (pag.
424 1757 524 1808 δὲ),
551 1758 782 1805 Pomponius
812 1757 1004 1794 Cretulam
1033 1754 1138 1806 (pag.
1167 1756 1289 1808 loz),
1318 1758 1488 1795 Lucilius
1516 1759 1679 1795 comicus
1698 1758 1951 1794 Numulariam
1979 1756 2069 1808 (vid.
2095 1758 2127 1795 F
2131 1758 2187 1794 ul-

127 1835 234 1880 gent.
258 1844 342 1879 pag.
359 1832 450 1868 8⁰6.
469 1832 567 1878 apud
586 1828 827 1880 Godofred.).
870 1830 1001 1878 ltaque
1028 1834 1144 1879 patet,
1172 1831 1271 1878 apud
1289 1831 1478 1868 Romanos
1507 1832 1817 1868 consuetudinem
1847 1832 2030 1879 quandam
2057 1831 2191 1876 fuisse,

127 1914 183 1942 ⁴-ex
219 1915 290 1951 qua
326 1902 536 1940 comoedias
574 1903 676 1939 haud
704 1915 790 1940 raro
818 1902 1065 1939 inscriberent
1092 1903 1213 1940 titulis
1241 1916 1261 1940 a
1289 1903 1504 1941 diminutiva
1532 1904 1651 1942 forma
1678 1905 1867 1941 nominum
1894 1904 2079 1953 repetitis.
2133 1903 2187 1940 lta

135 1974 221 2011 fieri
258 1986 327 2011 suo
365 1975 470 2022 quasi
507 1976 590 2011 iure
616 1975 830 2023 postulasse
857 1974 1007 2011 videtur
1032 1975 1090 2011 vis
1118 1976 1297 2022 quaedam
1326 1977 1457 2012 comici
1485 1978 1666 2012 sermonis
1695 1980 1734 2012 et
1762 1980 1916 2021 natura;
1969 1980 2012 2012 ut
2037 1978 2076 2013 in
2103 1977 2187 2012 uni-

128 2057 284 2089 ,versum
310 2047 469 2083 Romani
503 2048 541 2083 in
577 2048 721 2095 vulgari
754 2048 853 2083 vitae
888 2047 1160 2083 consuetudine
1196 2047 1296 2083 haud
1331 2061 1415 2084 raro
1451 2049 1679 2085 diminutivis
1714 2050 1904 2085 nominum
1939 2049 2068 2085 formis
2105 2049 2187 2085 sine

138 2118 211 2156 alia
231 2120 376 2156 ratione
404 2120 464 2155 usi
491 2120 675 2165 videntur,
705 2131 813 2168 quam
842 2120 942 2168 quod
970 2131 1098 2157 earum
1125 2123 1231 2157 erant
1256 2121 1490 2158 amantiores.
1546 2122 1656 2168 Quod
1685 2123 1717 2157 si
1745 2133 1819 2158 non
1846 2121 1917 2157 alia
1943 2133 2054 2158 causa
2081 2122 2185 2158 eius·

132 2192 235 2242 modi
261 2192 364 2227 tituli
391 2193 641 2240 impediantur
667 2193 885 2229 diminutive
920 2193 1109 2240 impositi,
1144 2205 1214 2240 per
1240 2205 1283 2229 se
1309 2205 1544 2241 nequaquam
1572 2196 1704 2230 mirum
1731 2195 2032 2242 insolentiusque
2058 2195 2185 2230 videa-

133 2268 218 2310 tur,
255 2266 288 2302 si
314 2264 471 2302 Plautus
500 2277 651 2313 quoque
677 2265 773 2303 hanc
800 2266 1110 2303 consuetudinem
1138 2269 1289 2303 secutus
1318 2279 1340 2303 a
1366 2267 1591 2304 diminutivis
1630 2268 1841 2304 comoedias
1870 2267 2015 2315 aliquot
2041 2278 2183 2304 nuncu-

134 2339 297 2387 paverit,
338 2341 381 2375 ut
407 2338 656 2384 Aululariam,
692 2338 975 2375 Mostellariam.
1027 2339 1204 2376 Formam
1239 2340 1491 2376 diminutivam
1528 2340 1687 2376 ollulam
1725 2341 1803 2377 sive
1842 2340 2016 2377 aulnlam
2042 2340 2185 2376 inveni-

133 2422 217 2447 mus
253 2412 351 2457 apud
379 2411 584 2447 Varronem
623 2412 671 2448 de
707 2412 753 2447 R.
790 2412 836 2447 R.
873 2412 901 2447 Ι.
937 2424 1017 2460 cap.
1052 2412 1116 2448 54.
1145 2413 1308 2459 et.apud
1335 2413 1533 2459 Apuleium
1562 2413 1714 2448 Metam.
1742 2414 1780 2449 2.
1808 2418 1895 2449 ante
1922 2413 2042 2457 med.;
2096 2424 2184 2449 num

124 2482 235 2532 ,apud
263 2483 423 2521 eundem
449 2482 603 2521 Metam.
629 2482 666 2521 5.
696 2483 833 2521 aulula
859 2483 971 2521 scribi
999 2483 1146 2530 debeat,
1182 2485 1367 2522 incertum
1396 2488 1466 2522 est.
1520 2484 1742 2522 Mostellum
1767 2496 1882 2531 vero,
1915 2485 1940 2522 i.
1968 2497 2001 2523 e.
2029 2496 2183 2534 parvum

134 2558 353 2600 monstrum,
381 2569 403 2592 a
431 2568 504 2603 quo
532 2557 749 2592 diminutivo
773 2556 1020 2592 Mostellaria
1045 2557 1147 2592 dicta
1175 2560 1246 2601 est,
1273 2557 1386 2605 vulgo
1416 2558 1565 2604 quidem
1591 2558 1628 2593 in
1658 2570 1724 2593 ore
1752 2558 1943 2594 hominum
1970 2558 2090 2593 fuisse
2116 2570 2183 2606 pa-

133 2639 217 2664 rum
251 2629 412 2673 scimus;
465 2632 588 2664 tamen
623 2629 762 2677 legitur
794 2629 832 2665 in
859 2629 1042 2676 glossario
1071 2629 1252 2676 quodam,
1289 2630 1391 2677 quod
1419 2633 1600 2665 memorat
1640 2630 1848 2666 Forcellin.
1874 2631 2183 2679 ‘lexicographum

135 2701 199 2737 ubi
216 2701 383 2738 Phasma
410 2702 632 2750 simpliciter
658 2702 795 2739 dicitur
823 2714 908 2739 esse
935 2702 1173 2746 mostellum;
1219 2703 1318 2740 unde
1345 2707 1476 2751 patere
1504 2704 1688 2748 videatur,
1717 2704 1975 2742 diminutivum
2001 2705 2077 2742 hoc
2101 2705 2181 2741 vul·

134 2773 215 2822 gari
249 2784 423 2810 sermone
457 2774 556 2810 idern
590 2775 672 2810 fere
709 2774 845 2819 fuisse,
884 2774 985 2822 quod
1020 2777 1238 2810 monstrum.
1301 2775 1361 2810 Ad
1397 2775 1552 2810 eandem
1579 2777 1760 2812 rationem
1790 2788 1926 2814 nomen
1952 2777 2180 2821 comoediae,

136 2856 235 2892 quae,
259 2845 451 2883 Poenulus
478 2857 575 2883 nunc
602 2847 840 2892 inscribitur,
876 2847 955 2884 sive
981 2859 1003 2883 a
1029 2846 1185 2892 Plauto,
1226 2847 1306 2883 sive
1332 2851 1420 2896 post
1449 2860 1533 2884 eum
1562 2853 1686 2884 ortum
1714 2852 1795 2894 est,
1835 2849 1962 2886 redire
1989 2849 2179 2892 videmus;

134 2916 388 2965 diminutivum
420 2918 577 2958 formam
614 2919 724 2958 etiam
758 2919 822 2959 hic
857 2919 1048 2959 habemus.
1102 2920 1202 2969 Quin
1230 2919 1402 2960 Casinam
1438 2921 1659 2961 diminutive
1696 2922 1792 2969 dici,
1829 2922 2024 2973 apparebIt
2050 2933 2095 2961 ex
2120 2922 2181 2969 iis,
2242 2948 2246 2952 -
