<?xml version="1.0" encoding="UTF-8"?>
<!DOCTYPE html PUBLIC "-//W3C//DTD XHTML 1.0 Transitional//EN"
    "http://www.w3.org/TR/xhtml1/DTD/xhtml1-transitional.dtd">
<html xmlns="http://www.w3.org/1999/xhtml" xml:lang="en" lang="en">
 <head>
  <title>
</title>
<meta http-equiv="Content-Type" content="text/html;charset=utf-8" />
  <meta name='ocr-system' content='tesseract 3.04.00' />
  <meta name='ocr-capabilities' content='ocr_page ocr_carea ocr_par ocr_line ocrx_word'/>
</head>
<body>
  <div class='ocr_page' id='page_1' title='image "4769315_0039.png"; bbox 0 0 2360 3050; ppageno 0'>
   <div class='ocr_carea' id='block_1_1' title="bbox 1173 70 1228 110">
    <p class='ocr_par' dir='ltr' id='par_1_1' title="bbox 1173 70 1228 110">
     <span class='ocr_line' id='line_1_1' title="bbox 1173 70 1228 110; baseline 0 0"><span class='ocrx_word' id='word_1_1' title='bbox 1173 70 1228 110; x_wconf 79' lang='lat'>28</span> 
     </span>
    </p>
   </div>
   <div class='ocr_carea' id='block_1_2' title="bbox 1128 123 1276 132">
    <p class='ocr_par' dir='ltr' id='par_1_2' title="bbox 1128 123 1276 132">
     <span class='ocr_line' id='line_1_2' title="bbox 1128 123 1276 132; baseline 0 2918"><span class='ocrx_word' id='word_1_2' title='bbox 1128 123 1276 132; x_wconf 95' lang='lat' dir='ltr'> </span> 
     </span>
    </p>
   </div>
   <div class='ocr_carea' id='block_1_3' title="bbox 155 198 2237 2805">
    <p class='ocr_par' dir='ltr' id='par_1_3' title="bbox 155 198 2237 2805">
     <span class='ocr_line' id='line_1_3' title="bbox 155 198 2230 250; baseline -0.001 -9"><span class='ocrx_word' id='word_1_3' title='bbox 155 201 392 248; x_wconf 77' lang='lat' dir='ltr'>memoravi,</span> <span class='ocrx_word' id='word_1_4' title='bbox 428 200 478 240; x_wconf 86' lang='lat' dir='ltr'>de</span> <span class='ocrx_word' id='word_1_5' title='bbox 512 205 616 250; x_wconf 78' lang='lat' dir='ltr'>trag.</span> <span class='ocrx_word' id='word_1_6' title='bbox 651 203 692 238; x_wconf 77' lang='lat' dir='ltr'>ec</span> <span class='ocrx_word' id='word_1_7' title='bbox 731 199 941 239; x_wconf 73' lang='lat' dir='ltr'><strong><em>comoedia.</em></strong></span> <span class='ocrx_word' id='word_1_8' title='bbox 994 198 1143 239; x_wconf 80' lang='lat' dir='ltr'>Horum</span> <span class='ocrx_word' id='word_1_9' title='bbox 1179 198 1298 248; x_wconf 82' lang='lat' dir='ltr'>igitur</span> <span class='ocrx_word' id='word_1_10' title='bbox 1333 198 1658 247; x_wconf 85' lang='lat' dir='ltr'>grammaticorum</span> <span class='ocrx_word' id='word_1_11' title='bbox 1684 202 1888 248; x_wconf 80' lang='lat' dir='ltr'>praecepta</span> <span class='ocrx_word' id='word_1_12' title='bbox 1913 200 2087 238; x_wconf 87' lang='lat' dir='ltr'>homines</span> <span class='ocrx_word' id='word_1_13' title='bbox 2114 202 2230 247; x_wconf 85' lang='lat' dir='ltr'>docti,</span> 
     </span>
     <span class='ocr_line' id='line_1_4' title="bbox 172 270 2231 324; baseline 0.001 -14"><span class='ocrx_word' id='word_1_14' title='bbox 172 277 236 324; x_wconf 86' lang='lat' dir='ltr'>qui</span> <span class='ocrx_word' id='word_1_15' title='bbox 254 276 426 311; x_wconf 82' lang='lat' dir='ltr'>Plautum</span> <span class='ocrx_word' id='word_1_16' title='bbox 447 274 660 320; x_wconf 85' lang='lat' dir='ltr'>ediderunt,</span> <span class='ocrx_word' id='word_1_17' title='bbox 689 273 811 310; x_wconf 90' lang='lat' dir='ltr'>secuti</span> <span class='ocrx_word' id='word_1_18' title='bbox 830 272 981 310; x_wconf 86' lang='lat' dir='ltr'>saeculo</span> <span class='ocrx_word' id='word_1_19' title='bbox 1001 272 1150 310; x_wconf 84' lang='lat' dir='ltr'>demum</span> <span class='ocrx_word' id='word_1_20' title='bbox 1168 271 1314 310; x_wconf 87' lang='lat' dir='ltr'>decimo</span> <span class='ocrx_word' id='word_1_21' title='bbox 1332 273 1439 310; x_wconf 85' lang='lat' dir='ltr'>sexto</span> <span class='ocrx_word' id='word_1_22' title='bbox 1470 270 1625 311; x_wconf 86' lang='lat' dir='ltr'>ineunte</span> <span class='ocrx_word' id='word_1_23' title='bbox 1653 270 1797 312; x_wconf 79' lang='lat' dir='ltr'>fabulas</span> <span class='ocrx_word' id='word_1_24' title='bbox 1820 272 1859 311; x_wconf 91' lang='lat' dir='ltr'>in</span> <span class='ocrx_word' id='word_1_25' title='bbox 1881 277 1987 315; x_wconf 83' lang='lat' dir='ltr'>actus</span> <span class='ocrx_word' id='word_1_26' title='bbox 2015 274 2231 313; x_wconf 81' lang='lat' dir='ltr'>describere</span> 
     </span>
     <span class='ocr_line' id='line_1_5' title="bbox 171 323 2232 397; baseline 0 -11"><span class='ocrx_word' id='word_1_27' title='bbox 171 353 401 397; x_wconf 84' lang='lat' dir='ltr'>coeperunt,</span> <span class='ocrx_word' id='word_1_28' title='bbox 438 349 540 394; x_wconf 84' lang='lat' dir='ltr'>quod</span> <span class='ocrx_word' id='word_1_29' title='bbox 576 323 681 390; x_wconf 36' lang='lat' dir='ltr'>brefvi</span> <span class='ocrx_word' id='word_1_30' title='bbox 716 348 830 394; x_wconf 79' lang='lat' dir='ltr'>vulgo</span> <span class='ocrx_word' id='word_1_31' title='bbox 863 350 1060 394; x_wconf 83' lang='lat' dir='ltr'>receptum</span> <span class='ocrx_word' id='word_1_32' title='bbox 1097 349 1167 381; x_wconf 85' lang='lat' dir='ltr'>est.</span> <span class='ocrx_word' id='word_1_33' title='bbox 1221 346 1309 394; x_wconf 84' lang='lat' dir='ltr'>Ipse</span> <span class='ocrx_word' id='word_1_34' title='bbox 1346 346 1396 382; x_wconf 81' lang='lat' dir='ltr'>de</span> <span class='ocrx_word' id='word_1_35' title='bbox 1432 345 1583 381; x_wconf 75' lang='lat' dir='ltr'>actibus</span> <span class='ocrx_word' id='word_1_36' title='bbox 1617 348 1659 381; x_wconf 81' lang='lat' dir='ltr'>ec</span> <span class='ocrx_word' id='word_1_37' title='bbox 1693 346 1816 384; x_wconf 76' lang='lat' dir='ltr'>scenis</span> <span class='ocrx_word' id='word_1_38' title='bbox 1843 345 1949 397; x_wconf 81' lang='lat' dir='ltr'>apud</span> <span class='ocrx_word' id='word_1_39' title='bbox 1976 345 2164 386; x_wconf 83' lang='lat' dir='ltr'>Plautum</span> <span class='ocrx_word' id='word_1_40' title='bbox 2190 350 2232 385; x_wconf 83' lang='lat' dir='ltr'>et</span> 
     </span>
     <span class='ocr_line' id='line_1_6' title="bbox 176 418 2232 471; baseline 0 -12"><span class='ocrx_word' id='word_1_41' title='bbox 176 421 398 460; x_wconf 74' lang='lat' dir='ltr'>Terentium</span> <span class='ocrx_word' id='word_1_42' title='bbox 426 421 563 470; x_wconf 85' lang='lat' dir='ltr'>scripsi</span> <span class='ocrx_word' id='word_1_43' title='bbox 588 421 627 458; x_wconf 89' lang='lat' dir='ltr'>in</span> <span class='ocrx_word' id='word_1_44' title='bbox 654 421 797 465; x_wconf 89' lang='lat' dir='ltr'>libello,</span> <span class='ocrx_word' id='word_1_45' title='bbox 827 421 892 468; x_wconf 90' lang='lat' dir='ltr'>qui</span> <span class='ocrx_word' id='word_1_46' title='bbox 913 421 1092 457; x_wconf 84' lang='lat' dir='ltr'>Gubenae</span> <span class='ocrx_word' id='word_1_47' title='bbox 1119 431 1214 456; x_wconf 88' lang='lat' dir='ltr'>anno</span> <span class='ocrx_word' id='word_1_48' title='bbox 1242 418 1348 456; x_wconf 77' lang='lat'>1813</span> <span class='ocrx_word' id='word_1_49' title='bbox 1375 419 1542 468; x_wconf 80' lang='lat' dir='ltr'>prodiit3</span> <span class='ocrx_word' id='word_1_50' title='bbox 1598 431 1709 467; x_wconf 86' lang='lat' dir='ltr'>quam</span> <span class='ocrx_word' id='word_1_51' title='bbox 1735 421 1813 457; x_wconf 89' lang='lat' dir='ltr'>illic</span> <span class='ocrx_word' id='word_1_52' title='bbox 1839 422 2023 471; x_wconf 78' lang='lat' dir='ltr'>proposui</span> <span class='ocrx_word' id='word_1_53' title='bbox 2048 422 2232 460; x_wconf 87' lang='lat' dir='ltr'>rationem</span> 
     </span>
     <span class='ocr_line' id='line_1_7' title="bbox 171 492 2230 543; baseline -0.001 -10"><span class='ocrx_word' id='word_1_54' title='bbox 171 496 209 533; x_wconf 85' lang='lat' dir='ltr'>in</span> <span class='ocrx_word' id='word_1_55' title='bbox 237 494 430 532; x_wconf 77' lang='lat' dir='ltr'><strong>Aulularia</strong></span> <span class='ocrx_word' id='word_1_56' title='bbox 455 498 562 532; x_wconf 83' lang='lat' dir='ltr'>actus</span> <span class='ocrx_word' id='word_1_57' title='bbox 589 494 798 538; x_wconf 86' lang='lat' dir='ltr'>ordinandi,</span> <span class='ocrx_word' id='word_1_58' title='bbox 825 494 984 530; x_wconf 87' lang='lat' dir='ltr'>eandem</span> <span class='ocrx_word' id='word_1_59' title='bbox 1012 506 1096 530; x_wconf 86' lang='lat' dir='ltr'>esse</span> <span class='ocrx_word' id='word_1_60' title='bbox 1122 494 1232 529; x_wconf 88' lang='lat' dir='ltr'>video</span> <span class='ocrx_word' id='word_1_61' title='bbox 1262 493 1390 529; x_wconf 86' lang='lat' dir='ltr'>Bothii</span> <span class='ocrx_word' id='word_1_62' title='bbox 1417 493 1454 529; x_wconf 91' lang='lat' dir='ltr'>in</span> <span class='ocrx_word' id='word_1_63' title='bbox 1483 494 1559 529; x_wconf 90' lang='lat' dir='ltr'>suis</span> <span class='ocrx_word' id='word_1_64' title='bbox 1586 492 1712 529; x_wconf 86' lang='lat' dir='ltr'>Plauti</span> <span class='ocrx_word' id='word_1_65' title='bbox 1739 494 1979 540; x_wconf 75' lang='lat' dir='ltr'>editionibus,</span> <span class='ocrx_word' id='word_1_66' title='bbox 2009 505 2230 543; x_wconf 88' lang='lat' dir='ltr'>quamquam</span> 
     </span>
     <span class='ocr_line' id='line_1_8' title="bbox 171 564 2231 614; baseline -0.001 -9"><span class='ocrx_word' id='word_1_67' title='bbox 171 578 245 604; x_wconf 90' lang='lat' dir='ltr'>non</span> <span class='ocrx_word' id='word_1_68' title='bbox 274 567 543 605; x_wconf 87' lang='lat' dir='ltr'>consentientis</span> <span class='ocrx_word' id='word_1_69' title='bbox 571 567 619 604; x_wconf 90' lang='lat' dir='ltr'>de</span> <span class='ocrx_word' id='word_1_70' title='bbox 645 566 754 603; x_wconf 86' lang='lat' dir='ltr'>initio</span> <span class='ocrx_word' id='word_1_71' title='bbox 784 566 905 614; x_wconf 88' lang='lat' dir='ltr'>quinti</span> <span class='ocrx_word' id='word_1_72' title='bbox 932 569 1061 612; x_wconf 83' lang='lat' dir='ltr'>actus,</span> <span class='ocrx_word' id='word_1_73' title='bbox 1095 569 1134 603; x_wconf 90' lang='lat' dir='ltr'>et</span> <span class='ocrx_word' id='word_1_74' title='bbox 1158 565 1343 614; x_wconf 83' lang='lat' dir='ltr'>Koepkii,</span> <span class='ocrx_word' id='word_1_75' title='bbox 1370 564 1452 603; x_wconf 90' lang='lat' dir='ltr'>Viri</span> <span class='ocrx_word' id='word_1_76' title='bbox 1480 566 1673 602; x_wconf 82' lang='lat' dir='ltr'>doctrinae</span> <span class='ocrx_word' id='word_1_77' title='bbox 1700 566 2112 613; x_wconf 77' lang='lat' dir='ltr'>elegantiaadmodum</span> <span class='ocrx_word' id='word_1_78' title='bbox 2138 567 2231 602; x_wconf 85' lang='lat' dir='ltr'>insi·</span> 
     </span>
     <span class='ocr_line' id='line_1_9' title="bbox 173 636 2233 689; baseline -0.001 -13"><span class='ocrx_word' id='word_1_79' title='bbox 173 641 271 689; x_wconf 79' lang='lat' dir='ltr'>gnis,</span> <span class='ocrx_word' id='word_1_80' title='bbox 300 640 338 677; x_wconf 90' lang='lat' dir='ltr'>in</span> <span class='ocrx_word' id='word_1_81' title='bbox 365 641 541 677; x_wconf 81' lang='lat' dir='ltr'>versione</span> <span class='ocrx_word' id='word_1_82' title='bbox 569 639 781 689; x_wconf 86' lang='lat' dir='ltr'>germanica</span> <span class='ocrx_word' id='word_1_83' title='bbox 796 636 848 686; x_wconf 76' lang='grc'>*).</span> <span class='ocrx_word' id='word_1_84' title='bbox 902 636 1032 675; x_wconf 85' lang='lat' dir='ltr'>Minus</span> <span class='ocrx_word' id='word_1_85' title='bbox 1060 641 1207 675; x_wconf 88' lang='lat' dir='ltr'>actuum</span> <span class='ocrx_word' id='word_1_86' title='bbox 1235 638 1521 687; x_wconf 73' lang='lat' dir='ltr'>dispositionem</span> <span class='ocrx_word' id='word_1_87' title='bbox 1549 639 1691 675; x_wconf 80' lang='lat' dir='ltr'>curavit</span> <span class='ocrx_word' id='word_1_88' title='bbox 1709 637 1778 676; x_wconf 90' lang='lat' dir='ltr'>Vir</span> <span class='ocrx_word' id='word_1_89' title='bbox 1796 639 2086 685; x_wconf 87' lang='lat' dir='ltr'>Celeberrimus,</span> <span class='ocrx_word' id='word_1_90' title='bbox 2114 640 2233 677; x_wconf 86' lang='lat' dir='ltr'>Goel-</span> 
     </span>
     <span class='ocr_line' id='line_1_10' title="bbox 172 710 2230 763; baseline -0 -14"><span class='ocrx_word' id='word_1_91' title='bbox 172 713 301 759; x_wconf 83' lang='lat' dir='ltr'>letus,</span> <span class='ocrx_word' id='word_1_92' title='bbox 338 713 402 760; x_wconf 88' lang='lat' dir='ltr'>qui</span> <span class='ocrx_word' id='word_1_93' title='bbox 439 713 556 749; x_wconf 84' lang='lat' dir='ltr'>edidit</span> <span class='ocrx_word' id='word_1_94' title='bbox 582 712 812 749; x_wconf 79' lang='lat' dir='ltr'>Aululariam</span> <span class='ocrx_word' id='word_1_95' title='bbox 830 710 974 763; x_wconf 67' lang='lat' dir='ltr'>Gelon.</span> <span class='ocrx_word' id='word_1_96' title='bbox 1014 710 1060 747; x_wconf 91' lang='lat' dir='ltr'>ad</span> <span class='ocrx_word' id='word_1_97' title='bbox 1088 710 1209 748; x_wconf 80' lang='lat' dir='ltr'>Rlien.</span> <span class='ocrx_word' id='word_1_98' title='bbox 1246 710 1378 756; x_wconf 79' lang='lat'>18253</span> <span class='ocrx_word' id='word_1_99' title='bbox 1432 711 1465 747; x_wconf 88' lang='lat' dir='ltr'>is</span> <span class='ocrx_word' id='word_1_100' title='bbox 1504 714 1656 747; x_wconf 86' lang='lat' dir='ltr'>secutus</span> <span class='ocrx_word' id='word_1_101' title='bbox 1685 714 1744 747; x_wconf 91' lang='lat' dir='ltr'>est</span> <span class='ocrx_word' id='word_1_102' title='bbox 1769 710 1880 760; x_wconf 90' lang='lat' dir='ltr'>plane</span> <span class='ocrx_word' id='word_1_103' title='bbox 1906 711 2097 759; x_wconf 83' lang='lat' dir='ltr'>vulgarem</span> <span class='ocrx_word' id='word_1_104' title='bbox 2126 712 2230 749; x_wconf 90' lang='lat' dir='ltr'>ordi-</span> 
     </span>
     <span class='ocr_line' id='line_1_11' title="bbox 172 783 2229 837; baseline 0 -16"><span class='ocrx_word' id='word_1_105' title='bbox 172 797 285 837; x_wconf 81' lang='lat' dir='ltr'>nem,</span> <span class='ocrx_word' id='word_1_106' title='bbox 320 785 385 833; x_wconf 88' lang='lat' dir='ltr'>qui</span> <span class='ocrx_word' id='word_1_107' title='bbox 412 788 472 822; x_wconf 88' lang='lat' dir='ltr'>est</span> <span class='ocrx_word' id='word_1_108' title='bbox 497 785 596 833; x_wconf 85' lang='lat' dir='ltr'>apud</span> <span class='ocrx_word' id='word_1_109' title='bbox 624 784 929 829; x_wconf 86' lang='lat' dir='ltr'>Taubmanuum,</span> <span class='ocrx_word' id='word_1_110' title='bbox 958 794 1182 832; x_wconf 89' lang='lat' dir='ltr'>quamquam</span> <span class='ocrx_word' id='word_1_111' title='bbox 1209 783 1310 821; x_wconf 88' lang='lat' dir='ltr'>idem</span> <span class='ocrx_word' id='word_1_112' title='bbox 1336 794 1530 821; x_wconf 76' lang='lat' dir='ltr'>scenarum</span> <span class='ocrx_word' id='word_1_113' title='bbox 1556 794 1752 821; x_wconf 90' lang='lat' dir='ltr'>numerum</span> <span class='ocrx_word' id='word_1_114' title='bbox 1780 783 2026 832; x_wconf 87' lang='lat' dir='ltr'>ordinemque</span> <span class='ocrx_word' id='word_1_115' title='bbox 2052 783 2139 833; x_wconf 84' lang='lat' dir='ltr'>plns</span> <span class='ocrx_word' id='word_1_116' title='bbox 2165 794 2229 822; x_wconf 87' lang='lat' dir='ltr'>se-</span> 
     </span>
     <span class='ocr_line' id='line_1_12' title="bbox 172 840 2237 907; baseline 0 -13"><span class='ocrx_word' id='word_1_117' title='bbox 172 858 248 896; x_wconf 89' lang='lat' dir='ltr'>mel</span> <span class='ocrx_word' id='word_1_118' title='bbox 275 858 386 896; x_wconf 86' lang='lat' dir='ltr'>aliter</span> <span class='ocrx_word' id='word_1_119' title='bbox 414 858 612 907; x_wconf 87' lang='lat' dir='ltr'>disposuit.</span> <span class='ocrx_word' id='word_1_120' title='bbox 2232 840 2237 846; x_wconf 60' lang='lat'>.</span> 
     </span>
     <span class='ocr_line' id='line_1_13' title="bbox 278 930 2230 981; baseline 0 -13"><span class='ocrx_word' id='word_1_121' title='bbox 278 931 338 968; x_wconf 86' lang='lat' dir='ltr'>Ex</span> <span class='ocrx_word' id='word_1_122' title='bbox 364 931 427 968; x_wconf 88' lang='lat' dir='ltr'>illa</span> <span class='ocrx_word' id='word_1_123' title='bbox 454 931 553 981; x_wconf 83' lang='lat' dir='ltr'>lege,</span> <span class='ocrx_word' id='word_1_124' title='bbox 582 931 788 969; x_wconf 86' lang='lat' dir='ltr'>secundum</span> <span class='ocrx_word' id='word_1_125' title='bbox 817 943 925 979; x_wconf 87' lang='lat' dir='ltr'>quam</span> <span class='ocrx_word' id='word_1_126' title='bbox 953 934 1058 969; x_wconf 86' lang='lat' dir='ltr'>actus</span> <span class='ocrx_word' id='word_1_127' title='bbox 1086 931 1268 970; x_wconf 86' lang='lat' dir='ltr'>finiuntur</span> <span class='ocrx_word' id='word_1_128' title='bbox 1295 931 1459 980; x_wconf 85' lang='lat' dir='ltr'>novique</span> <span class='ocrx_word' id='word_1_129' title='bbox 1487 930 1693 979; x_wconf 89' lang='lat' dir='ltr'>incipiunt,</span> <span class='ocrx_word' id='word_1_130' title='bbox 1721 942 1796 966; x_wconf 88' lang='lat' dir='ltr'>non</span> <span class='ocrx_word' id='word_1_131' title='bbox 1822 930 1936 967; x_wconf 84' lang='lat' dir='ltr'>modo</span> <span class='ocrx_word' id='word_1_132' title='bbox 1962 942 2117 968; x_wconf 84' lang='lat' dir='ltr'>vacuum</span> <span class='ocrx_word' id='word_1_133' title='bbox 2145 942 2230 968; x_wconf 82' lang='lat' dir='ltr'>esse</span> 
     </span>
     <span class='ocr_line' id='line_1_14' title="bbox 173 1003 2231 1053; baseline -0 -12"><span class='ocrx_word' id='word_1_134' title='bbox 173 1004 553 1052; x_wconf 43' lang='lat' dir='ltr'>debetsprosceuium</span> <span class='ocrx_word' id='word_1_135' title='bbox 580 1005 625 1042; x_wconf 82' lang='lat' dir='ltr'>ab</span> <span class='ocrx_word' id='word_1_136' title='bbox 655 1005 826 1042; x_wconf 88' lang='lat' dir='ltr'>omnibus</span> <span class='ocrx_word' id='word_1_137' title='bbox 854 1005 1042 1052; x_wconf 85' lang='lat' dir='ltr'>personis,</span> <span class='ocrx_word' id='word_1_138' title='bbox 1071 1005 1150 1050; x_wconf 87' lang='lat' dir='ltr'>sed,</span> <span class='ocrx_word' id='word_1_139' title='bbox 1179 1004 1281 1052; x_wconf 87' lang='lat' dir='ltr'>quod</span> <span class='ocrx_word' id='word_1_140' title='bbox 1308 1005 1426 1053; x_wconf 82' lang='lat' dir='ltr'>magis</span> <span class='ocrx_word' id='word_1_141' title='bbox 1455 1005 1567 1040; x_wconf 85' lang='lat' dir='ltr'>etiam</span> <span class='ocrx_word' id='word_1_142' title='bbox 1595 1003 1867 1039; x_wconf 80' lang='lat' dir='ltr'>observandum</span> <span class='ocrx_word' id='word_1_143' title='bbox 1894 1006 1965 1047; x_wconf 84' lang='lat' dir='ltr'>est,</span> <span class='ocrx_word' id='word_1_144' title='bbox 1993 1014 2124 1040; x_wconf 83' lang='lat' dir='ltr'>novam</span> <span class='ocrx_word' id='word_1_145' title='bbox 2143 1014 2231 1051; x_wconf 87' lang='lat' dir='ltr'>par-</span> 
     </span>
     <span class='ocr_line' id='line_1_15' title="bbox 171 1075 2230 1126; baseline 0 -14"><span class='ocrx_word' id='word_1_146' title='bbox 171 1080 251 1112; x_wconf 89' lang='lat' dir='ltr'>tem</span> <span class='ocrx_word' id='word_1_147' title='bbox 286 1077 443 1114; x_wconf 85' lang='lat' dir='ltr'>actionis</span> <span class='ocrx_word' id='word_1_148' title='bbox 480 1089 638 1126; x_wconf 89' lang='lat' dir='ltr'>eamque</span> <span class='ocrx_word' id='word_1_149' title='bbox 674 1078 886 1126; x_wconf 80' lang='lat' dir='ltr'>graviorem</span> <span class='ocrx_word' id='word_1_150' title='bbox 921 1078 1109 1123; x_wconf 86' lang='lat' dir='ltr'>inchoari,</span> <span class='ocrx_word' id='word_1_151' title='bbox 1151 1080 1265 1125; x_wconf 86' lang='lat' dir='ltr'>atque</span> <span class='ocrx_word' id='word_1_152' title='bbox 1300 1076 1535 1114; x_wconf 89' lang='lat' dir='ltr'>intervallum</span> <span class='ocrx_word' id='word_1_153' title='bbox 1574 1075 1762 1124; x_wconf 83' lang='lat' dir='ltr'>quoddam</span> <span class='ocrx_word' id='word_1_154' title='bbox 1796 1076 2033 1113; x_wconf 85' lang='lat' dir='ltr'>intercedere</span> <span class='ocrx_word' id='word_1_155' title='bbox 2066 1078 2230 1124; x_wconf 86' lang='lat' dir='ltr'>oportet.</span> 
     </span>
     <span class='ocr_line' id='line_1_16' title="bbox 171 1147 2227 1199; baseline 0 -14"><span class='ocrx_word' id='word_1_156' title='bbox 171 1149 259 1186; x_wconf 86' lang='lat' dir='ltr'>Hoc</span> <span class='ocrx_word' id='word_1_157' title='bbox 286 1153 326 1185; x_wconf 89' lang='lat' dir='ltr'>et</span> <span class='ocrx_word' id='word_1_158' title='bbox 352 1151 448 1186; x_wconf 86' lang='lat' dir='ltr'>illud</span> <span class='ocrx_word' id='word_1_159' title='bbox 477 1152 539 1186; x_wconf 87' lang='lat' dir='ltr'>ubi</span> <span class='ocrx_word' id='word_1_160' title='bbox 566 1152 632 1194; x_wconf 86' lang='lat' dir='ltr'>fit,</span> <span class='ocrx_word' id='word_1_161' title='bbox 662 1151 714 1185; x_wconf 91' lang='lat' dir='ltr'>ibi</span> <span class='ocrx_word' id='word_1_162' title='bbox 742 1154 846 1185; x_wconf 86' lang='lat' dir='ltr'>actus</span> <span class='ocrx_word' id='word_1_163' title='bbox 875 1154 1077 1186; x_wconf 87' lang='lat' dir='ltr'>mutantur.</span> <span class='ocrx_word' id='word_1_164' title='bbox 1133 1150 1192 1186; x_wconf 84' lang='lat' dir='ltr'>Ex</span> <span class='ocrx_word' id='word_1_165' title='bbox 1217 1150 1288 1186; x_wconf 89' lang='lat' dir='ltr'>hac</span> <span class='ocrx_word' id='word_1_166' title='bbox 1314 1150 1413 1199; x_wconf 82' lang='lat' dir='ltr'>lege,</span> <span class='ocrx_word' id='word_1_167' title='bbox 1440 1149 1472 1185; x_wconf 91' lang='lat' dir='ltr'>si</span> <span class='ocrx_word' id='word_1_168' title='bbox 1498 1159 1561 1185; x_wconf 85' lang='lat' dir='ltr'>res</span> <span class='ocrx_word' id='word_1_169' title='bbox 1589 1148 1800 1186; x_wconf 79' lang='lat' dir='ltr'>accuratius</span> <span class='ocrx_word' id='word_1_170' title='bbox 1827 1147 2053 1198; x_wconf 80' lang='lat' dir='ltr'>respicitur,</span> <span class='ocrx_word' id='word_1_171' title='bbox 2081 1148 2120 1186; x_wconf 88' lang='lat' dir='ltr'>iu</span> <span class='ocrx_word' id='word_1_172' title='bbox 2146 1148 2227 1187; x_wconf 84' lang='lat' dir='ltr'>Au-</span> 
     </span>
     <span class='ocr_line' id='line_1_17' title="bbox 173 1221 1228 1271; baseline 0.002 -14"><span class='ocrx_word' id='word_1_173' title='bbox 173 1221 307 1258; x_wconf 87' lang='lat' dir='ltr'>lularia</span> <span class='ocrx_word' id='word_1_174' title='bbox 334 1225 439 1260; x_wconf 85' lang='lat' dir='ltr'>actus</span> <span class='ocrx_word' id='word_1_175' title='bbox 467 1224 635 1271; x_wconf 87' lang='lat' dir='ltr'>quinque</span> <span class='ocrx_word' id='word_1_176' title='bbox 664 1223 739 1258; x_wconf 82' lang='lat' dir='ltr'>hoc</span> <span class='ocrx_word' id='word_1_177' title='bbox 770 1224 901 1259; x_wconf 88' lang='lat' dir='ltr'>ordine</span> <span class='ocrx_word' id='word_1_178' title='bbox 928 1224 1044 1259; x_wconf 85' lang='lat' dir='ltr'>statui</span> <span class='ocrx_word' id='word_1_179' title='bbox 1072 1223 1228 1259; x_wconf 89' lang='lat' dir='ltr'>debent:</span> 
     </span>
     <span class='ocr_line' id='line_1_18' title="bbox 617 1293 1679 1341; baseline -0.002 -10"><span class='ocrx_word' id='word_1_180' title='bbox 617 1293 819 1331; x_wconf 78' lang='lat' dir='ltr'>Secundus</span> <span class='ocrx_word' id='word_1_181' title='bbox 847 1307 868 1331; x_wconf 88' lang='lat' dir='ltr'>a</span> <span class='ocrx_word' id='word_1_182' title='bbox 895 1307 1018 1339; x_wconf 89' lang='lat' dir='ltr'>scena,</span> <span class='ocrx_word' id='word_1_183' title='bbox 1048 1307 1144 1341; x_wconf 90' lang='lat' dir='ltr'>quae</span> <span class='ocrx_word' id='word_1_184' title='bbox 1171 1296 1318 1330; x_wconf 90' lang='lat' dir='ltr'>initium</span> <span class='ocrx_word' id='word_1_185' title='bbox 1346 1294 1459 1330; x_wconf 85' lang='lat' dir='ltr'>habet</span> <span class='ocrx_word' id='word_1_186' title='bbox 1486 1306 1507 1330; x_wconf 91' lang='lat' dir='ltr'>a</span> <span class='ocrx_word' id='word_1_187' title='bbox 1533 1294 1679 1330; x_wconf 81' lang='lat' dir='ltr'>verbis:</span> 
     </span>
     <span class='ocr_line' id='line_1_19' title="bbox 692 1365 1680 1412; baseline -0.002 -8"><span class='ocrx_word' id='word_1_188' title='bbox 692 1366 851 1412; x_wconf 84' lang='lat' dir='ltr'>„Velim</span> <span class='ocrx_word' id='word_1_189' title='bbox 878 1370 918 1403; x_wconf 90' lang='lat' dir='ltr'>te</span> <span class='ocrx_word' id='word_1_190' title='bbox 945 1367 1128 1411; x_wconf 88' lang='lat' dir='ltr'>arbitrari,</span> <span class='ocrx_word' id='word_1_191' title='bbox 1155 1378 1216 1404; x_wconf 89' lang='lat' dir='ltr'>me</span> <span class='ocrx_word' id='word_1_192' title='bbox 1242 1367 1336 1402; x_wconf 89' lang='lat' dir='ltr'>haec</span> <span class='ocrx_word' id='word_1_193' title='bbox 1362 1367 1476 1403; x_wconf 85' lang='lat' dir='ltr'>verba</span> <span class='ocrx_word' id='word_1_194' title='bbox 1502 1365 1680 1411; x_wconf 79' lang='lat' dir='ltr'>frater;“</span> 
     </span>
     <span class='ocr_line' id='line_1_20' title="bbox 619 1438 1395 1484; baseline -0.003 -8"><span class='ocrx_word' id='word_1_195' title='bbox 619 1439 774 1477; x_wconf 80' lang='lat' dir='ltr'>Tertius</span> <span class='ocrx_word' id='word_1_196' title='bbox 801 1452 822 1476; x_wconf 86' lang='lat' dir='ltr'>a</span> <span class='ocrx_word' id='word_1_197' title='bbox 848 1451 975 1484; x_wconf 87' lang='lat' dir='ltr'>scena,</span> <span class='ocrx_word' id='word_1_198' title='bbox 1004 1440 1111 1475; x_wconf 88' lang='lat' dir='ltr'>cuius</span> <span class='ocrx_word' id='word_1_199' title='bbox 1139 1438 1286 1475; x_wconf 87' lang='lat' dir='ltr'>initium</span> <span class='ocrx_word' id='word_1_200' title='bbox 1314 1442 1395 1475; x_wconf 82' lang='lat' dir='ltr'>est:</span> 
     </span>
     <span class='ocr_line' id='line_1_21' title="bbox 689 1510 1799 1560; baseline 0.001 -12"><span class='ocrx_word' id='word_1_201' title='bbox 689 1511 929 1560; x_wconf 85' lang='lat' dir='ltr'>„Postquam</span> <span class='ocrx_word' id='word_1_202' title='bbox 958 1511 1152 1548; x_wconf 81' lang='lat' dir='ltr'>obsonavit</span> <span class='ocrx_word' id='word_1_203' title='bbox 1178 1511 1293 1547; x_wconf 87' lang='lat' dir='ltr'>herus</span> <span class='ocrx_word' id='word_1_204' title='bbox 1323 1514 1363 1547; x_wconf 91' lang='lat' dir='ltr'>et</span> <span class='ocrx_word' id='word_1_205' title='bbox 1390 1510 1568 1547; x_wconf 82' lang='lat' dir='ltr'>conduxit</span> <span class='ocrx_word' id='word_1_206' title='bbox 1596 1511 1799 1560; x_wconf 63' lang='grc' dir='ltr'>(ιοτῙιιοεςιι</span> 
     </span>
     <span class='ocr_line' id='line_1_22' title="bbox 620 1584 1545 1632; baseline -0.003 -10"><span class='ocrx_word' id='word_1_207' title='bbox 620 1584 793 1632; x_wconf 73' lang='lat' dir='ltr'>Quartus</span> <span class='ocrx_word' id='word_1_208' title='bbox 821 1597 841 1622; x_wconf 90' lang='lat' dir='ltr'>a</span> <span class='ocrx_word' id='word_1_209' title='bbox 870 1597 996 1630; x_wconf 84' lang='lat' dir='ltr'>scena,</span> <span class='ocrx_word' id='word_1_210' title='bbox 1024 1585 1131 1621; x_wconf 88' lang='lat' dir='ltr'>cuius</span> <span class='ocrx_word' id='word_1_211' title='bbox 1159 1584 1264 1621; x_wconf 89' lang='lat' dir='ltr'>initio</span> <span class='ocrx_word' id='word_1_212' title='bbox 1293 1587 1381 1620; x_wconf 87' lang='lat' dir='ltr'>sunt</span> <span class='ocrx_word' id='word_1_213' title='bbox 1408 1584 1545 1620; x_wconf 83' lang='lat' dir='ltr'>verba:</span> 
     </span>
     <span class='ocr_line' id='line_1_23' title="bbox 689 1655 2021 1707; baseline 0.002 -13"><span class='ocrx_word' id='word_1_214' title='bbox 689 1658 810 1703; x_wconf 90' lang='lat' dir='ltr'>„Hoc</span> <span class='ocrx_word' id='word_1_215' title='bbox 837 1661 896 1694; x_wconf 86' lang='lat' dir='ltr'>est</span> <span class='ocrx_word' id='word_1_216' title='bbox 924 1658 1022 1694; x_wconf 77' lang='lat' dir='ltr'>servi</span> <span class='ocrx_word' id='word_1_217' title='bbox 1049 1657 1194 1693; x_wconf 83' lang='lat' dir='ltr'>facinus</span> <span class='ocrx_word' id='word_1_218' title='bbox 1220 1656 1321 1705; x_wconf 84' lang='lat' dir='ltr'>frugi</span> <span class='ocrx_word' id='word_1_219' title='bbox 1347 1656 1488 1701; x_wconf 76' lang='lat' dir='ltr'>facere,</span> <span class='ocrx_word' id='word_1_220' title='bbox 1517 1655 1620 1704; x_wconf 87' lang='lat' dir='ltr'>qnod</span> <span class='ocrx_word' id='word_1_221' title='bbox 1647 1667 1719 1707; x_wconf 80' lang='lat' dir='ltr'>ego</span> <span class='ocrx_word' id='word_1_222' title='bbox 1745 1658 2021 1706; x_wconf 83' lang='lat' dir='ltr'>prosequor;“</span> 
     </span>
     <span class='ocr_line' id='line_1_24' title="bbox 618 1729 1540 1777; baseline -0.002 -11"><span class='ocrx_word' id='word_1_223' title='bbox 618 1729 786 1776; x_wconf 78' lang='lat' dir='ltr'>Quintus</span> <span class='ocrx_word' id='word_1_224' title='bbox 812 1743 833 1766; x_wconf 87' lang='lat' dir='ltr'>a</span> <span class='ocrx_word' id='word_1_225' title='bbox 861 1742 985 1775; x_wconf 87' lang='lat' dir='ltr'>scena,</span> <span class='ocrx_word' id='word_1_226' title='bbox 1015 1742 1111 1777; x_wconf 87' lang='lat' dir='ltr'>quae</span> <span class='ocrx_word' id='word_1_227' title='bbox 1137 1730 1318 1777; x_wconf 87' lang='lat' dir='ltr'>incipitur</span> <span class='ocrx_word' id='word_1_228' title='bbox 1345 1741 1366 1765; x_wconf 88' lang='lat' dir='ltr'>a</span> <span class='ocrx_word' id='word_1_229' title='bbox 1391 1729 1540 1765; x_wconf 75' lang='lat' dir='ltr'>verbis:</span> 
     </span>
     <span class='ocr_line' id='line_1_25' title="bbox 688 1802 1698 1849; baseline -0.001 -9"><span class='ocrx_word' id='word_1_230' title='bbox 688 1803 812 1849; x_wconf 81' lang='lat' dir='ltr'>„Dixi</span> <span class='ocrx_word' id='word_1_231' title='bbox 838 1804 920 1849; x_wconf 89' lang='lat' dir='ltr'>tibi,</span> <span class='ocrx_word' id='word_1_232' title='bbox 947 1806 1089 1848; x_wconf 58' lang='lat' dir='ltr'>maten</span> <span class='ocrx_word' id='word_1_233' title='bbox 1143 1804 1244 1840; x_wconf 84' lang='lat' dir='ltr'>iuxta</span> <span class='ocrx_word' id='word_1_234' title='bbox 1271 1815 1352 1839; x_wconf 90' lang='lat' dir='ltr'>rem</span> <span class='ocrx_word' id='word_1_235' title='bbox 1378 1814 1524 1839; x_wconf 86' lang='lat' dir='ltr'>mecum</span> <span class='ocrx_word' id='word_1_236' title='bbox 1552 1804 1660 1839; x_wconf 84' lang='lat' dir='ltr'>tenes</span> <span class='ocrx_word' id='word_1_237' title='bbox 1670 1802 1698 1823; x_wconf 89' lang='grc'>“</span> 
     </span>
     <span class='ocr_line' id='line_1_26' title="bbox 173 1874 2232 1925; baseline 0.002 -13"><span class='ocrx_word' id='word_1_238' title='bbox 173 1876 214 1912; x_wconf 89' lang='lat' dir='ltr'>In</span> <span class='ocrx_word' id='word_1_239' title='bbox 240 1876 323 1912; x_wconf 85' lang='lat' dir='ltr'>aliis</span> <span class='ocrx_word' id='word_1_240' title='bbox 342 1875 559 1913; x_wconf 86' lang='lat' dir='ltr'>Aululariae</span> <span class='ocrx_word' id='word_1_241' title='bbox 584 1876 720 1922; x_wconf 85' lang='lat' dir='ltr'>scenis,</span> <span class='ocrx_word' id='word_1_242' title='bbox 750 1888 972 1925; x_wconf 88' lang='lat' dir='ltr'>quamquam</span> <span class='ocrx_word' id='word_1_243' title='bbox 998 1876 1036 1914; x_wconf 89' lang='lat' dir='ltr'>iu</span> <span class='ocrx_word' id='word_1_244' title='bbox 1062 1877 1245 1925; x_wconf 88' lang='lat' dir='ltr'>temporis</span> <span class='ocrx_word' id='word_1_245' title='bbox 1275 1876 1425 1924; x_wconf 88' lang='lat' dir='ltr'>quidem</span> <span class='ocrx_word' id='word_1_246' title='bbox 1453 1878 1644 1924; x_wconf 84' lang='lat' dir='ltr'>punctum,</span> <span class='ocrx_word' id='word_1_247' title='bbox 1670 1877 1714 1912; x_wconf 85' lang='lat' dir='ltr'>ut</span> <span class='ocrx_word' id='word_1_248' title='bbox 1737 1874 1854 1922; x_wconf 81' lang='lat' dir='ltr'>aiunt,</span> <span class='ocrx_word' id='word_1_249' title='bbox 1880 1887 1995 1915; x_wconf 85' lang='lat' dir='ltr'>vacua</span> <span class='ocrx_word' id='word_1_250' title='bbox 2014 1877 2064 1914; x_wconf 92' lang='lat' dir='ltr'>sit</span> <span class='ocrx_word' id='word_1_251' title='bbox 2081 1890 2192 1916; x_wconf 85' lang='lat' dir='ltr'>scena</span> <span class='ocrx_word' id='word_1_252' title='bbox 2210 1892 2232 1917; x_wconf 90' lang='lat' dir='ltr'>a</span> 
     </span>
     <span class='ocr_line' id='line_1_27' title="bbox 173 1947 2232 2000; baseline 0.003 -15"><span class='ocrx_word' id='word_1_253' title='bbox 173 1951 370 1997; x_wconf 84' lang='lat' dir='ltr'>personis,</span> <span class='ocrx_word' id='word_1_254' title='bbox 407 1949 597 1996; x_wconf 81' lang='lat' dir='ltr'>extemplo</span> <span class='ocrx_word' id='word_1_255' title='bbox 625 1952 750 1985; x_wconf 87' lang='lat' dir='ltr'>tamen</span> <span class='ocrx_word' id='word_1_256' title='bbox 778 1951 861 1986; x_wconf 89' lang='lat' dir='ltr'>sine</span> <span class='ocrx_word' id='word_1_257' title='bbox 886 1950 1110 1995; x_wconf 85' lang='lat' dir='ltr'>intervallo,</span> <span class='ocrx_word' id='word_1_258' title='bbox 1147 1949 1248 1996; x_wconf 88' lang='lat' dir='ltr'>quod</span> <span class='ocrx_word' id='word_1_259' title='bbox 1274 1948 1386 1984; x_wconf 84' lang='lat' dir='ltr'>facile</span> <span class='ocrx_word' id='word_1_260' title='bbox 1415 1948 1577 1997; x_wconf 85' lang='lat' dir='ltr'>quisque</span> <span class='ocrx_word' id='word_1_261' title='bbox 1602 1947 1726 1995; x_wconf 85' lang='lat' dir='ltr'>videt,</span> <span class='ocrx_word' id='word_1_262' title='bbox 1761 1948 1856 1987; x_wconf 85' lang='lat' dir='ltr'>aliae</span> <span class='ocrx_word' id='word_1_263' title='bbox 1881 1960 2067 2000; x_wconf 84' lang='lat' dir='ltr'>personae</span> <span class='ocrx_word' id='word_1_264' title='bbox 2092 1951 2232 1991; x_wconf 81' lang='lat' dir='ltr'>intrant</span> 
     </span>
     <span class='ocr_line' id='line_1_28' title="bbox 172 2020 2231 2071; baseline 0 -10"><span class='ocrx_word' id='word_1_265' title='bbox 172 2033 298 2071; x_wconf 87' lang='lat' dir='ltr'>neque</span> <span class='ocrx_word' id='word_1_266' title='bbox 325 2023 424 2060; x_wconf 85' lang='lat' dir='ltr'>actio</span> <span class='ocrx_word' id='word_1_267' title='bbox 451 2023 750 2071; x_wconf 86' lang='lat' dir='ltr'>interrumpitur.</span> <span class='ocrx_word' id='word_1_268' title='bbox 804 2023 868 2060; x_wconf 86' lang='lat' dir='ltr'>Sic</span> <span class='ocrx_word' id='word_1_269' title='bbox 894 2027 965 2060; x_wconf 79' lang='lat' dir='ltr'>act.</span> <span class='ocrx_word' id='word_1_270' title='bbox 992 2024 1030 2059; x_wconf 85' lang='lat'>2.</span> <span class='ocrx_word' id='word_1_271' title='bbox 1058 2035 1158 2059; x_wconf 88' lang='lat' dir='ltr'>scen.</span> <span class='ocrx_word' id='word_1_272' title='bbox 1185 2023 1223 2059; x_wconf 75' lang='lat'>7.</span> <span class='ocrx_word' id='word_1_273' title='bbox 1252 2023 1362 2068; x_wconf 86' lang='lat' dir='ltr'>(edit.</span> <span class='ocrx_word' id='word_1_274' title='bbox 1390 2020 1592 2071; x_wconf 68' lang='lat' dir='ltr'>Tuum),</span> <span class='ocrx_word' id='word_1_275' title='bbox 1619 2026 1819 2070; x_wconf 85' lang='lat' dir='ltr'>postquam</span> <span class='ocrx_word' id='word_1_276' title='bbox 1846 2024 1959 2071; x_wconf 91' lang='lat' dir='ltr'>coqui</span> <span class='ocrx_word' id='word_1_277' title='bbox 1986 2025 2231 2062; x_wconf 87' lang='lat' dir='ltr'>decesserunt</span> 
     </span>
     <span class='ocr_line' id='line_1_29' title="bbox 172 2094 2229 2144; baseline 0.001 -12"><span class='ocrx_word' id='word_1_278' title='bbox 172 2095 211 2132; x_wconf 83' lang='lat' dir='ltr'>in</span> <span class='ocrx_word' id='word_1_279' title='bbox 239 2095 413 2141; x_wconf 87' lang='lat' dir='ltr'>domum,</span> <span class='ocrx_word' id='word_1_280' title='bbox 440 2094 522 2132; x_wconf 87' lang='lat' dir='ltr'>sine</span> <span class='ocrx_word' id='word_1_281' title='bbox 548 2106 654 2133; x_wconf 82' lang='lat' dir='ltr'>mora</span> <span class='ocrx_word' id='word_1_282' title='bbox 680 2094 928 2144; x_wconf 82' lang='lat' dir='ltr'>Pythodicus,</span> <span class='ocrx_word' id='word_1_283' title='bbox 961 2095 1063 2133; x_wconf 85' lang='lat' dir='ltr'>haud</span> <span class='ocrx_word' id='word_1_284' title='bbox 1090 2095 1204 2132; x_wconf 87' lang='lat' dir='ltr'>dubie</span> <span class='ocrx_word' id='word_1_285' title='bbox 1231 2094 1432 2142; x_wconf 82' lang='lat' dir='ltr'>Megadori</span> <span class='ocrx_word' id='word_1_286' title='bbox 1459 2095 1619 2139; x_wconf 82' lang='lat' dir='ltr'>villicus,</span> <span class='ocrx_word' id='word_1_287' title='bbox 1646 2095 1684 2132; x_wconf 91' lang='lat' dir='ltr'>in</span> <span class='ocrx_word' id='word_1_288' title='bbox 1711 2107 1860 2133; x_wconf 87' lang='lat' dir='ltr'>scenam</span> <span class='ocrx_word' id='word_1_289' title='bbox 1887 2097 2003 2132; x_wconf 77' lang='lat' dir='ltr'>intrat</span> <span class='ocrx_word' id='word_1_290' title='bbox 2030 2109 2076 2133; x_wconf 83' lang='lat' dir='ltr'>ex</span> <span class='ocrx_word' id='word_1_291' title='bbox 2101 2098 2229 2142; x_wconf 86' lang='lat' dir='ltr'>horto,</span> 
     </span>
     <span class='ocr_line' id='line_1_30' title="bbox 173 2163 2228 2218; baseline 0.002 -15"><span class='ocrx_word' id='word_1_292' title='bbox 173 2168 237 2203; x_wconf 83' lang='lat' dir='ltr'>ubi</span> <span class='ocrx_word' id='word_1_293' title='bbox 264 2167 345 2203; x_wconf 86' lang='lat' dir='ltr'>fodi</span> <span class='ocrx_word' id='word_1_294' title='bbox 371 2167 534 2203; x_wconf 88' lang='lat' dir='ltr'>iusserat</span> <span class='ocrx_word' id='word_1_295' title='bbox 557 2163 789 2216; x_wconf 73' lang='lat' dir='ltr'>Megadorus</span> <span class='ocrx_word' id='word_1_296' title='bbox 816 2167 856 2215; x_wconf 85' lang='grc'>2,</span> <span class='ocrx_word' id='word_1_297' title='bbox 884 2168 924 2214; x_wconf 86' lang='grc'>2,</span> <span class='ocrx_word' id='word_1_298' title='bbox 951 2168 1028 2213; x_wconf 72' lang='lat'>663</span> <span class='ocrx_word' id='word_1_299' title='bbox 1080 2167 1279 2216; x_wconf 81' lang='lat' dir='ltr'>egrediens</span> <span class='ocrx_word' id='word_1_300' title='bbox 1308 2167 1513 2215; x_wconf 79' lang='lat' dir='ltr'>alloquitur</span> <span class='ocrx_word' id='word_1_301' title='bbox 1539 2167 1661 2204; x_wconf 90' lang='lat' dir='ltr'>adhuc</span> <span class='ocrx_word' id='word_1_302' title='bbox 1689 2178 1819 2206; x_wconf 82' lang='lat' dir='ltr'>servos</span> <span class='ocrx_word' id='word_1_303' title='bbox 1847 2168 2027 2216; x_wconf 87' lang='lat' dir='ltr'>iubetque</span> <span class='ocrx_word' id='word_1_304' title='bbox 2053 2170 2105 2206; x_wconf 87' lang='lat' dir='ltr'>ibi</span> <span class='ocrx_word' id='word_1_305' title='bbox 2133 2182 2228 2218; x_wconf 86' lang='lat' dir='ltr'>opus</span> 
     </span>
     <span class='ocr_line' id='line_1_31' title="bbox 172 2239 2227 2290; baseline 0.002 -14"><span class='ocrx_word' id='word_1_306' title='bbox 172 2241 271 2276; x_wconf 87' lang='lat' dir='ltr'>bene</span> <span class='ocrx_word' id='word_1_307' title='bbox 307 2252 459 2284; x_wconf 86' lang='lat' dir='ltr'>curare,</span> <span class='ocrx_word' id='word_1_308' title='bbox 495 2244 609 2288; x_wconf 86' lang='lat' dir='ltr'>atque</span> <span class='ocrx_word' id='word_1_309' title='bbox 637 2253 755 2289; x_wconf 87' lang='lat' dir='ltr'>pauca</span> <span class='ocrx_word' id='word_1_310' title='bbox 780 2242 821 2279; x_wconf 87' lang='lat' dir='ltr'>in</span> <span class='ocrx_word' id='word_1_311' title='bbox 847 2252 959 2279; x_wconf 86' lang='lat' dir='ltr'>scena</span> <span class='ocrx_word' id='word_1_312' title='bbox 985 2240 1140 2277; x_wconf 90' lang='lat' dir='ltr'>locutus</span> <span class='ocrx_word' id='word_1_313' title='bbox 1167 2240 1206 2276; x_wconf 90' lang='lat' dir='ltr'>in</span> <span class='ocrx_word' id='word_1_314' title='bbox 1233 2239 1346 2277; x_wconf 88' lang='lat' dir='ltr'>aedes</span> <span class='ocrx_word' id='word_1_315' title='bbox 1374 2240 1544 2277; x_wconf 89' lang='lat' dir='ltr'>eiusdem</span> <span class='ocrx_word' id='word_1_316' title='bbox 1570 2239 1771 2290; x_wconf 77' lang='lat' dir='ltr'>Megadori</span> <span class='ocrx_word' id='word_1_317' title='bbox 1796 2241 1921 2279; x_wconf 85' lang='lat' dir='ltr'>intrat.</span> <span class='ocrx_word' id='word_1_318' title='bbox 1975 2240 2041 2279; x_wconf 92' lang='lat' dir='ltr'>Sic</span> <span class='ocrx_word' id='word_1_319' title='bbox 2066 2241 2115 2280; x_wconf 83' lang='lat' dir='ltr'>de</span> <span class='ocrx_word' id='word_1_320' title='bbox 2141 2242 2227 2282; x_wconf 90' lang='lat' dir='ltr'>loco</span> 
     </span>
     <span class='ocr_line' id='line_1_32' title="bbox 172 2312 2227 2363; baseline 0.002 -13"><span class='ocrx_word' id='word_1_321' title='bbox 172 2312 411 2350; x_wconf 85' lang='lat' dir='ltr'>statuendum</span> <span class='ocrx_word' id='word_1_322' title='bbox 438 2313 588 2350; x_wconf 89' lang='lat' dir='ltr'>videtur</span> <span class='ocrx_word' id='word_1_323' title='bbox 613 2314 827 2362; x_wconf 92' lang='lat' dir='ltr'>mirorque,</span> <span class='ocrx_word' id='word_1_324' title='bbox 855 2327 877 2352; x_wconf 87' lang='lat' dir='ltr'>a</span> <span class='ocrx_word' id='word_1_325' title='bbox 905 2314 1126 2363; x_wconf 85' lang='lat' dir='ltr'>quibusdam</span> <span class='ocrx_word' id='word_1_326' title='bbox 1152 2314 1262 2350; x_wconf 89' lang='lat' dir='ltr'>aliter</span> <span class='ocrx_word' id='word_1_327' title='bbox 1288 2314 1439 2360; x_wconf 87' lang='lat' dir='ltr'>doceri;</span> <span class='ocrx_word' id='word_1_328' title='bbox 1492 2315 1679 2351; x_wconf 88' lang='lat' dir='ltr'>neminem</span> <span class='ocrx_word' id='word_1_329' title='bbox 1715 2317 1821 2352; x_wconf 87' lang='lat' dir='ltr'>certe</span> <span class='ocrx_word' id='word_1_330' title='bbox 1859 2315 2015 2362; x_wconf 87' lang='lat' dir='ltr'>latebit,</span> <span class='ocrx_word' id='word_1_331' title='bbox 2049 2316 2227 2354; x_wconf 86' lang='lat' dir='ltr'>interval-</span> 
     </span>
     <span class='ocr_line' id='line_1_33' title="bbox 173 2386 2227 2437; baseline 0.002 -13"><span class='ocrx_word' id='word_1_332' title='bbox 173 2386 251 2424; x_wconf 90' lang='lat' dir='ltr'>lum</span> <span class='ocrx_word' id='word_1_333' title='bbox 288 2398 363 2424; x_wconf 88' lang='lat' dir='ltr'>non</span> <span class='ocrx_word' id='word_1_334' title='bbox 400 2386 660 2434; x_wconf 87' lang='lat' dir='ltr'>intercedere,</span> <span class='ocrx_word' id='word_1_335' title='bbox 696 2399 822 2436; x_wconf 88' lang='lat' dir='ltr'>neque</span> <span class='ocrx_word' id='word_1_336' title='bbox 849 2388 1008 2425; x_wconf 84' lang='lat' dir='ltr'>actionis</span> <span class='ocrx_word' id='word_1_337' title='bbox 1044 2399 1177 2424; x_wconf 80' lang='lat' dir='ltr'>novam</span> <span class='ocrx_word' id='word_1_338' title='bbox 1211 2388 1496 2436; x_wconf 80' lang='lat' dir='ltr'>gravioremque</span> <span class='ocrx_word' id='word_1_339' title='bbox 1521 2392 1668 2437; x_wconf 87' lang='lat' dir='ltr'>partem</span> <span class='ocrx_word' id='word_1_340' title='bbox 1695 2388 1760 2425; x_wconf 87' lang='lat' dir='ltr'>hic</span> <span class='ocrx_word' id='word_1_341' title='bbox 1786 2388 1936 2425; x_wconf 86' lang='lat' dir='ltr'>exoriri.</span> <span class='ocrx_word' id='word_1_342' title='bbox 1989 2389 2160 2427; x_wconf 86' lang='lat' dir='ltr'>Eundem</span> <span class='ocrx_word' id='word_1_343' title='bbox 2188 2391 2227 2428; x_wconf 90' lang='lat' dir='ltr'>in</span> 
     </span>
     <span class='ocr_line' id='line_1_34' title="bbox 172 2459 2226 2509; baseline 0.002 -12"><span class='ocrx_word' id='word_1_344' title='bbox 172 2460 349 2506; x_wconf 83' lang='lat' dir='ltr'>modum,</span> <span class='ocrx_word' id='word_1_345' title='bbox 384 2460 613 2509; x_wconf 87' lang='lat' dir='ltr'>simulatque</span> <span class='ocrx_word' id='word_1_346' title='bbox 638 2460 873 2509; x_wconf 78' lang='lat' dir='ltr'>Pythodicus</span> <span class='ocrx_word' id='word_1_347' title='bbox 909 2461 1061 2498; x_wconf 87' lang='lat' dir='ltr'>domum</span> <span class='ocrx_word' id='word_1_348' title='bbox 1086 2459 1286 2508; x_wconf 81' lang='lat' dir='ltr'>Megadori</span> <span class='ocrx_word' id='word_1_349' title='bbox 1321 2460 1512 2509; x_wconf 85' lang='lat' dir='ltr'>ingressus</span> <span class='ocrx_word' id='word_1_350' title='bbox 1548 2463 1629 2504; x_wconf 85' lang='lat' dir='ltr'>est,</span> <span class='ocrx_word' id='word_1_351' title='bbox 1671 2461 1798 2498; x_wconf 85' lang='lat' dir='ltr'>statim</span> <span class='ocrx_word' id='word_1_352' title='bbox 1834 2462 1874 2498; x_wconf 88' lang='lat' dir='ltr'>in</span> <span class='ocrx_word' id='word_1_353' title='bbox 1909 2472 2058 2499; x_wconf 83' lang='lat' dir='ltr'>scenam</span> <span class='ocrx_word' id='word_1_354' title='bbox 2085 2473 2151 2500; x_wconf 89' lang='lat' dir='ltr'>sua</span> <span class='ocrx_word' id='word_1_355' title='bbox 2178 2475 2226 2501; x_wconf 83' lang='lat' dir='ltr'>ex</span> 
     </span>
     <span class='ocr_line' id='line_1_35' title="bbox 172 2533 2225 2584; baseline 0.002 -14"><span class='ocrx_word' id='word_1_356' title='bbox 172 2533 285 2570; x_wconf 90' lang='lat' dir='ltr'>domo</span> <span class='ocrx_word' id='word_1_357' title='bbox 312 2534 415 2570; x_wconf 86' lang='lat' dir='ltr'>venit</span> <span class='ocrx_word' id='word_1_358' title='bbox 438 2533 597 2579; x_wconf 87' lang='lat' dir='ltr'>Euclio,</span> <span class='ocrx_word' id='word_1_359' title='bbox 633 2537 674 2570; x_wconf 93' lang='lat' dir='ltr'>et</span> <span class='ocrx_word' id='word_1_360' title='bbox 699 2533 924 2571; x_wconf 83' lang='lat' dir='ltr'>Euclionem</span> <span class='ocrx_word' id='word_1_361' title='bbox 951 2534 1151 2571; x_wconf 85' lang='lat' dir='ltr'>abeuntem</span> <span class='ocrx_word' id='word_1_362' title='bbox 1177 2533 1280 2571; x_wconf 89' lang='lat' dir='ltr'>illico</span> <span class='ocrx_word' id='word_1_363' title='bbox 1317 2533 1563 2582; x_wconf 86' lang='lat' dir='ltr'>subsequitur</span> <span class='ocrx_word' id='word_1_364' title='bbox 1597 2544 1644 2571; x_wconf 86' lang='lat' dir='ltr'>ex</span> <span class='ocrx_word' id='word_1_365' title='bbox 1677 2533 1792 2572; x_wconf 89' lang='lat' dir='ltr'>domo</span> <span class='ocrx_word' id='word_1_366' title='bbox 1818 2533 2019 2584; x_wconf 87' lang='lat' dir='ltr'>Megadori</span> <span class='ocrx_word' id='word_1_367' title='bbox 2045 2536 2225 2583; x_wconf 82' lang='lat' dir='ltr'>Anthrax,</span> 
     </span>
     <span class='ocr_line' id='line_1_36' title="bbox 173 2607 2225 2658; baseline 0.002 -15"><span class='ocrx_word' id='word_1_368' title='bbox 173 2619 284 2655; x_wconf 88' lang='lat' dir='ltr'>quem</span> <span class='ocrx_word' id='word_1_369' title='bbox 319 2607 487 2644; x_wconf 88' lang='lat' dir='ltr'>senarios</span> <span class='ocrx_word' id='word_1_370' title='bbox 521 2618 657 2644; x_wconf 87' lang='lat' dir='ltr'>novem</span> <span class='ocrx_word' id='word_1_371' title='bbox 691 2607 730 2644; x_wconf 89' lang='lat' dir='ltr'>in</span> <span class='ocrx_word' id='word_1_372' title='bbox 765 2619 877 2645; x_wconf 89' lang='lat' dir='ltr'>scena</span> <span class='ocrx_word' id='word_1_373' title='bbox 912 2608 1081 2644; x_wconf 90' lang='lat' dir='ltr'>locutum</span> <span class='ocrx_word' id='word_1_374' title='bbox 1115 2607 1291 2644; x_wconf 88' lang='lat' dir='ltr'>similiter</span> <span class='ocrx_word' id='word_1_375' title='bbox 1316 2607 1398 2644; x_wconf 91' lang='lat' dir='ltr'>sine</span> <span class='ocrx_word' id='word_1_376' title='bbox 1424 2618 1530 2645; x_wconf 88' lang='lat' dir='ltr'>mora</span> <span class='ocrx_word' id='word_1_377' title='bbox 1557 2607 1731 2656; x_wconf 88' lang='lat' dir='ltr'>sequitur</span> <span class='ocrx_word' id='word_1_378' title='bbox 1758 2607 1941 2658; x_wconf 82' lang='lat' dir='ltr'>Congrio.</span> <span class='ocrx_word' id='word_1_379' title='bbox 1992 2608 2122 2658; x_wconf 87' lang='lat' dir='ltr'>ltaque</span> <span class='ocrx_word' id='word_1_380' title='bbox 2148 2621 2225 2648; x_wconf 90' lang='lat' dir='ltr'>non</span> 
     </span>
     <span class='ocr_line' id='line_1_37' title="bbox 173 2680 2224 2731; baseline 0.001 -13"><span class='ocrx_word' id='word_1_381' title='bbox 173 2684 260 2718; x_wconf 81' lang='lat' dir='ltr'>sunt</span> <span class='ocrx_word' id='word_1_382' title='bbox 280 2680 474 2717; x_wconf 83' lang='lat' dir='ltr'>intervalla</span> <span class='ocrx_word' id='word_1_383' title='bbox 497 2680 536 2717; x_wconf 86' lang='lat' dir='ltr'>in</span> <span class='ocrx_word' id='word_1_384' title='bbox 558 2680 635 2717; x_wconf 86' lang='lat' dir='ltr'>fine</span> <span class='ocrx_word' id='word_1_385' title='bbox 664 2691 857 2718; x_wconf 88' lang='lat' dir='ltr'>scenarum</span> <span class='ocrx_word' id='word_1_386' title='bbox 884 2684 990 2718; x_wconf 87' lang='lat' dir='ltr'>actus</span> <span class='ocrx_word' id='word_1_387' title='bbox 1016 2681 1184 2726; x_wconf 85' lang='lat' dir='ltr'>secundi,</span> <span class='ocrx_word' id='word_1_388' title='bbox 1212 2691 1335 2728; x_wconf 88' lang='lat' dir='ltr'>neque</span> <span class='ocrx_word' id='word_1_389' title='bbox 1362 2683 1505 2726; x_wconf 81' lang='lat' dir='ltr'>sextae,</span> <span class='ocrx_word' id='word_1_390' title='bbox 1532 2691 1657 2729; x_wconf 88' lang='lat' dir='ltr'>neque</span> <span class='ocrx_word' id='word_1_391' title='bbox 1682 2681 1880 2730; x_wconf 87' lang='lat' dir='ltr'>septimae,</span> <span class='ocrx_word' id='word_1_392' title='bbox 1907 2693 2032 2731; x_wconf 88' lang='lat' dir='ltr'>neque</span> <span class='ocrx_word' id='word_1_393' title='bbox 2059 2684 2224 2730; x_wconf 79' lang='lat' dir='ltr'>octavae,</span> 
     </span>
     <span class='ocr_line' id='line_1_38' title="bbox 171 2753 2222 2805; baseline 0.001 -13"><span class='ocrx_word' id='word_1_394' title='bbox 171 2765 296 2802; x_wconf 85' lang='lat' dir='ltr'>neque</span> <span class='ocrx_word' id='word_1_395' title='bbox 324 2757 430 2792; x_wconf 85' lang='lat' dir='ltr'>actus</span> <span class='ocrx_word' id='word_1_396' title='bbox 456 2753 563 2790; x_wconf 89' lang='lat' dir='ltr'>tertii</span> <span class='ocrx_word' id='word_1_397' title='bbox 589 2753 627 2790; x_wconf 91' lang='lat' dir='ltr'>in</span> <span class='ocrx_word' id='word_1_398' title='bbox 654 2753 731 2791; x_wconf 88' lang='lat' dir='ltr'>fine</span> <span class='ocrx_word' id='word_1_399' title='bbox 758 2764 893 2792; x_wconf 87' lang='lat' dir='ltr'>scenae</span> <span class='ocrx_word' id='word_1_400' title='bbox 914 2755 1071 2804; x_wconf 89' lang='lat' dir='ltr'>primae,</span> <span class='ocrx_word' id='word_1_401' title='bbox 1097 2753 1161 2791; x_wconf 91' lang='lat' dir='ltr'>ubi</span> <span class='ocrx_word' id='word_1_402' title='bbox 1176 2753 1311 2792; x_wconf 87' lang='lat' dir='ltr'>Euclio</span> <span class='ocrx_word' id='word_1_403' title='bbox 1331 2753 1459 2791; x_wconf 87' lang='lat' dir='ltr'>statim</span> <span class='ocrx_word' id='word_1_404' title='bbox 1476 2754 1651 2801; x_wconf 86' lang='lat' dir='ltr'>sequitur</span> <span class='ocrx_word' id='word_1_405' title='bbox 1668 2753 1935 2805; x_wconf 75' lang='lat' dir='ltr'>Congrionem.</span> <span class='ocrx_word' id='word_1_406' title='bbox 1988 2755 2222 2805; x_wconf 73' lang='lat' dir='ltr'>Quamquam</span> 
     </span>
    </p>
   </div>
   <div class='ocr_carea' id='block_1_4' title="bbox 169 2844 461 2852">
    <p class='ocr_par' dir='ltr' id='par_1_4' title="bbox 169 2844 461 2852">
     <span class='ocr_line' id='line_1_39' title="bbox 169 2844 461 2852; baseline 0 198"><span class='ocrx_word' id='word_1_407' title='bbox 169 2844 461 2852; x_wconf 95' lang='lat' dir='ltr'> </span> 
     </span>
    </p>
   </div>
   <div class='ocr_carea' id='block_1_5' title="bbox 212 2885 1779 2930">
    <p class='ocr_par' dir='ltr' id='par_1_5' title="bbox 212 2885 1779 2930">
     <span class='ocr_line' id='line_1_40' title="bbox 212 2885 1779 2930; baseline 0.002 -13"><span class='ocrx_word' id='word_1_408' title='bbox 212 2886 242 2926; x_wconf 76' lang='lat'>⁸)</span> <span class='ocrx_word' id='word_1_409' title='bbox 266 2886 437 2926; x_wconf 74' lang='lat' dir='ltr'>inscriptus</span> <span class='ocrx_word' id='word_1_410' title='bbox 461 2890 509 2917; x_wconf 80' lang='lat' dir='ltr'>est</span> <span class='ocrx_word' id='word_1_411' title='bbox 526 2885 625 2917; x_wconf 81' lang='lat' dir='ltr'>liber:</span> <span class='ocrx_word' id='word_1_412' title='bbox 668 2885 845 2929; x_wconf 68' lang='lat' dir='ltr'>Lustepiele</span> <span class='ocrx_word' id='word_1_413' title='bbox 865 2887 921 2920; x_wconf 75' lang='lat' dir='ltr'>des</span> <span class='ocrx_word' id='word_1_414' title='bbox 942 2886 1086 2927; x_wconf 67' lang='lat' dir='ltr'>Planum,</span> <span class='ocrx_word' id='word_1_415' title='bbox 1109 2886 1240 2921; x_wconf 68' lang='lat' dir='ltr'>«leutsch</span> <span class='ocrx_word' id='word_1_416' title='bbox 1259 2886 1531 2930; x_wconf 73' lang='lat' dir='ltr'>wiedergegeben,</span> <span class='ocrx_word' id='word_1_417' title='bbox 1553 2885 1664 2921; x_wconf 85' lang='lat' dir='ltr'>Berlin</span> <span class='ocrx_word' id='word_1_418' title='bbox 1687 2888 1779 2921; x_wconf 81' lang='lat'>1809.</span> 
     </span>
    </p>
   </div>
  </div>
 </body>
</html>
