2360 3050
505 238 569 273 aut
593 234 725 284 primis
752 233 906 284 syllabis
932 232 995 272 vel
1019 232 1142 272 literis
1168 234 1249 277 sive
1275 231 1468 272 vocalibus
1494 232 1575 270 sive
1601 233 1792 279 consonis,

446 344 448 348 ,
503 312 569 345 aut
593 308 634 344 in
660 319 731 344 una
755 310 948 356 postrema
973 309 1014 344 et
1039 305 1168 344 altera-
1182 306 1310 355 prima
1328 305 1483 355 syllaba,

502 383 580 427 aut,
608 376 830 429 quamquam
856 378 895 417 id
921 378 1042 418 rarius
1068 378 1270 428 invenitur,
1294 378 1335 418 in
1359 378 1479 430 prima
1505 380 1546 418 et
1570 380 1764 430 postrema
1789 377 1944 430 syllaba,

502 455 567 491 aut
592 453 631 491 in
657 452 792 490 mediis
825 451 1033 499 vocabulis,

503 530 568 564 aut
612 528 651 563 in
686 525 891 575 postremis
925 526 1102 574 syllabis3
1156 525 1259 573 qnod
1295 537 1414 574 genus
1449 538 1534 564 cum
1568 539 1660 575 prae
1695 526 1833 564 ceteris
1870 527 1943 564 iam
1977 524 2186 574 antiquita·

648 598 990 638 animadverterent
1023 597 1201 637 rhetores
1237 602 1280 637 et
1305 599 1559 649 grammatici,
1594 593 1912 648 ὁμοιοτέλευτον
1944 597 2188 649 peculiariter

646 671 909 715 nominarunt;

500 746 567 781 aut
600 744 762 791 deniqne
798 744 837 780 in
870 754 1046 781 versuum
1080 743 1210 790 initio,
1244 742 1370 782 medio
1405 746 1446 782 et
1479 745 1578 791 fine,
1614 743 1676 782 vel
1702 745 1740 782 in
1766 744 1887 795 priori
1913 747 1954 782 et
1979 742 2187 794 posteriori

646 815 830 853 membro.
916 799 922 802 μ

238 886 318 925 Has
344 886 484 925 classes
512 898 597 925 cum
623 887 837 938 singulatim
864 898 935 937 per
961 887 1054 925 duas
1075 888 1233 925 maxime
1249 887 1465 925 Aululariae
1482 899 1612 926 scenas
1630 889 1811 937 persequi
1828 899 1957 935 conor,
1982 888 2067 924 fieri
2082 887 2186 924 haud

132 962 298 1011 poterit,
340 962 431 1009 quin
468 961 602 998 eodem
628 962 668 998 in
694 962 779 998 loco
808 962 919 998 simul
945 961 1031 1009 plus
1057 973 1173 998 unum
1200 961 1462 998 alliterationis
1489 973 1610 1010 genus
1638 963 1903 1010 conspiciatur.
1956 961 2069 999 Haud
2095 972 2184 999 raro

132 1036 253 1080 enim,
293 1037 336 1071 ut
361 1034 472 1083 lepor
497 1034 649 1083 quidam
676 1034 839 1072 orationi
864 1034 1049 1080 oriretur,
1074 1035 1307 1071 coacervavit
1333 1033 1494 1071 Plautus
1519 1034 1829 1081 alliterationem,
1848 1036 1897 1072 'et
1922 1045 2036 1072 unum
2063 1044 2184 1083 genus

132 1120 216 1145 cum
243 1108 364 1145 altero
393 1108 501 1155 quasi
530 1109 733 1145 coniunxit.
784 1107 922 1156 Neque
945 1119 1065 1157 porro
1088 1108 1162 1146 ista
1187 1107 1391 1146 alliteratio
1416 1105 1475 1146 est
1500 1108 1615 1147 modo
1639 1108 1678 1146 in
1704 1108 1853 1155 verbis,
1880 1119 1977 1157 qnae
2003 1107 2183 1146 contiuuo

130 1191 174 1218 se
210 1182 443 1229 sequuntur,
477 1179 546 1218 sed
579 1180 767 1218 interdum
802 1181 916 1218 etiam
950 1191 1065 1217 unum
1101 1180 1225 1218 (luove
1249 1181 1428 1218 vocabula
1454 1184 1542 1218 sunt
1565 1182 1787 1227 interiecta,
1827 1192 1924 1229 quae
1950 1181 1984 1217 si
2009 1180 2185 1217 breviora

129 1255 218 1289 sunt
243 1255 282 1289 et
308 1236 502 1298 enclitica,
526 1255 571 1289 ut
595 1265 678 1299 me,
704 1257 768 1299 te,
793 1264 859 1298 se,
883 1264 974 1298 nos,
1001 1264 1092 1298 vos,
1117 1264 1230 1299 eum,
1255 1258 1339 1299 est,
1365 1254 1419 1289 nil
1445 1253 1531 1290 fere
1557 1255 1682 1291 valent
1709 1257 1750 1290 et
1774 1253 2014 1291 antecedenti
2041 1253 2185 1290 nomini

133 1325 275 1361 debent
301 1325 462 1373 annecti.
514 1323 602 1373 Ipse
628 1329 754 1362 tamen
779 1326 919 1370 sentio,
941 1326 1045 1376 iusto
1059 1326 1246 1363 tenuioris
1269 1326 1498 1371 subtilitatis,
1523 1338 1572 1363 ne
1597 1327 1734 1372 dicam,
1755 1318 2029 1377 μικρολογίας
2052 1324 2184 1362 cuius·

129 1396 215 1435 dam
240 1395 405 1435 incusari
429 1407 493 1434 me
515 1407 655 1446 posse,
671 1397 774 1446 quod
800 1386 903 1434 inter
923 1397 1114 1447 exempla,
1141 1409 1238 1446 quae
1263 1398 1434 1444 afferam,
1458 1398 1719 1435 alliterationis
1744 1397 1904 1447 plurima
1931 1400 2056 1441 erunt,
2084 1408 2182 1444 quae

129 1479 206 1508 non
232 1468 409 1507 consulto
434 1469 621 1519 quaesita,
646 1469 715 1507 sed
741 1469 903 1507 fortuito
928 1472 1012 1506 orta
1037 1469 1287 1515 videbuntur3
1327 1482 1412 1507 cum
1437 1471 1536 1507 euim
1564 1481 1639 1507 non
1664 1481 1782 1518 pauca
1808 1470 1892 1506 eius
1916 1470 2068 1518 generis
2088 1470 2183 1505 scri·

129 1543 256 1586 beuti,
282 1542 373 1579 licet
398 1551 473 1578 non
501 1544 752 1589 quaesiverit,
785 1544 1001 1579 necessario
1027 1544 1171 1580 obviam
1197 1555 1241 1580 se
1265 1544 1410 1590 ferant,
1437 1545 1652 1592 quomodo,
1678 1544 1745 1591 qui
1771 1542 1891 1581 latine
1915 1542 2081 1594 scribit),
2097 1542 2181 1579 alli-

128 1615 353 1653 terationem
396 1615 530 1660 istam,
578 1614 625 1652 ad
660 1627 771 1663 quam
805 1613 1010 1652 secundum
1044 1616 1211 1653 naturam
1245 1626 1350 1653 suam
1382 1615 1510 1666 lingua
1543 1615 1713 1655 Romana
1745 1614 1954 1664 proclivior
1984 1614 2061 1652 dici
2092 1617 2182 1664 pot·

131 1691 215 1735 est,
243 1686 428 1726 evitabit‘!
481 1671 685 1734 Concedo,
707 1683 765 1724 ita
790 1686 1067 1737 quodammodo
1091 1697 1203 1734 esse,
1228 1687 1322 1735 sed,
1358 1699 1441 1725 cum
1466 1688 1542 1725 hoc
1567 1689 1694 1737 ipsum
1720 1689 1893 1733 constet,
1923 1687 2116 1737 propri-m
2142 1691 2184 1724 et

127 1760 289 1798 nativam
315 1749 474 1810 prorsus
499 1759 818 1808 domesticamque
843 1761 1009 1796 sermoni
1033 1759 1205 1796 Romano
1230 1772 1319 1797 esse
1348 1761 1636 1808 alliterationem
1675 1761 1771 1798 adeo
1784 1787 1799 1806 ,
1833 1764 1876 1797 nt
1909 1761 2025 1798 etiam
2050 1760 2183 1806 nescii,

129 1833 196 1881 qui
210 1833 328 1870 latine
352 1832 579 1882 scribebant,
604 1833 651 1869 ad
677 1845 759 1870 eam
785 1833 910 1870 delabi
925 1832 1098 1882 possent,
1122 1834 1256 1881 utique
1279 1834 1465 1871 incertum
1492 1837 1565 1881 est,
1592 1835 1656 1882 qui
1683 1834 1780 1872 fines
1808 1832 2063 1872 constituendi
2091 1832 2181 1878 sint,

129 1906 165 1945 si
193 1906 433 1955 quaerimus,
465 1905 641 1944 consulto
668 1917 715 1944 an
741 1917 831 1943 casu
856 1905 955 1944 baec
972 1893 1109 1956 'figura
1134 1904 1200 1944 bic
1225 1908 1265 1945 et
1289 1905 1371 1945 illic
1394 1906 1433 1944 in
1461 1906 1667 1945 orationem
1692 1905 1851 1944 venerit.
1903 1904 1981 1944 Sed
2006 1915 2057 1944 ne
2081 1905 2183 1943 iusto

128 1977 280 2030 longior
298 1989 438 2027 essem,
462 1990 536 2030 per
550 1980 694 2029 partem
719 1976 834 2015 modo
858 1977 1041 2015 minorem
1059 1978 1288 2026 Aululariae,
1312 1990 1385 2028 per
1408 1980 1610 2029 prologum
1637 1983 1677 2017 et
1703 1981 1864 2028 primum
1891 1983 2030 2024 actum,
2056 1979 2178 2015 ailite-

128 2051 313 2089 rationem
332 2053 542 2089 accuratius
556 2055 780 2101 persecutus
798 2063 898 2096 sum,
921 2055 965 2086 nt
984 2052 1250 2098 significarem,
1277 2041 1398 2098 qualis
1416 2056 1456 2088 et
1471 2055 1534 2089 ubi
1551 2057 1676 2097 esset;
1717 2058 1844 2090 cetera
1859 2052 2064 2089 lectoribus
2089 2062 2180 2100 per·

128 2125 239 2161 mitto
263 2126 408 2161 veniam
433 2136 588 2173 rogans,
612 2126 645 2160 si
673 2125 763 2171 quid
789 2124 894 2160 forte
919 2127 986 2160 aut
1009 2124 1199 2174 omiserim
1225 2128 1291 2161 aut
1316 2125 1469 2163 modum
1496 2126 1684 2172 excedam,
1710 2129 1776 2164 aut
1801 2126 1841 2164 in
1867 2124 2085 2163 universum
2110 2135 2179 2174 pa·

127 2208 213 2235 rum
239 2201 348 2235 recte
372 2190 555 2235 moneam.
606 2196 840 2234 Taubmanni
866 2197 1069 2234 editionem
1095 2208 1252 2245 sequor.

181 2307 186 2311 .
235 2270 265 2308 1.
301 2269 438 2308 Primis
465 2269 621 2319 syllabis
645 2269 707 2307 vel
733 2268 855 2307 literis
881 2269 963 2306 sive
987 2269 1176 2316 consonis,
1201 2269 1296 2315 sive,
1322 2268 1426 2318 qnod
1451 2268 1589 2309 fortius
1616 2273 1738 2319 sonat,
1763 2269 1953 2310 vocalibus
1978 2269 2026 2309 fit
2051 2269 2175 2309 anite-

129 2343 243 2382 ratio.
294 2342 354 2382 Ad
380 2342 456 2381 hoc
481 2353 599 2393 genus
626 2353 672 2379 ex
698 2340 869 2379 Aulular.
892 2339 1057 2391 prologo
1081 2341 1177 2381 baec
1200 2341 1338 2379 referri
1364 2342 1524 2380 debent:

319 2394 322 2397 .
645 2426 834 2451 servarem
858 2413 932 2450 sibi
956 2425 1011 2450 vs.
1038 2414 1093 2459 8.,

644 2499 819 2536 magnum
844 2487 996 2523 modum
1021 2497 1078 2524 vs.
1104 2486 1184 2533 13„

647 2560 781 2598 labore
806 2571 945 2609 magno
970 2570 1026 2598 vs.
1053 2559 1130 2606 14„

641 2641 793 2681 semper
817 2631 1006 2682 supplicat
1029 2642 1085 2671 vs,
1110 2631 1176 2669 24.
1200 2650 1255 2658 —
1279 2631 1338 2670 Ex
1363 2632 1491 2670 Aulul.
1519 2633 1557 2681 1,
1584 2633 1623 2669 1.
1648 2616 1736 2669 su‘nt
1761 2632 1877 2670 haecz

644 2704 724 2741 Eri
747 2723 802 2731 —
827 2706 891 2741 esi
915 2724 971 2733 -—-
996 2705 1210 2741 exeundum
1236 2716 1292 2742 vs.
1319 2707 1370 2752 1.,

642 2759 835 2813 rationem⁵
851 2777 1022 2822 reddam,
1045 2777 1285 2815 stimulorum
1310 2790 1423 2829 seges
1449 2790 1503 2817 vs.
1529 2779 1585 2825 6.,

604 2859 608 2862 “
641 2848 804 2886 scelesta
829 2848 911 2886 sola
935 2860 1065 2886 aecum
1090 2861 1145 2886 vs.
1176 2849 1252 2896 18,

642 2920 780 2960 dedam
805 2911 1029 2973 discipulam
1054 2933 1110 2961 vs.
1135 2921 1216 2971 20,
