2360 3050
162 234 290 283 quitur
325 234 366 271 et
402 230 526 270 causis
561 239 797 278 nequaquam
831 227 990 268 adiectu
1026 228 1252 279 simpliciter
1277 228 1429 276 scribit,
1462 229 1695 270 Aululariam
1718 234 1808 283 post
1833 229 2226 284 cistellariam‚·qnae

162 307 329 345 omnium
362 306 482 355 prima
506 315 604 341 anno
630 303 724 341 216.
751 316 785 341 a.
813 303 904 341 Chr.
932 315 969 341 ιι.
996 303 1047 341 ait
1073 303 1187 348 edita,
1215 314 1300 340 cum
1329 303 1465 340 Casina
1489 306 1664 352 proxime
1690 318 1714 343 a
1738 305 1876 344 Plauto
1901 307 2077 356 scriptam
2105 311 2224 355 atque

160 379 199 417 in
228 390 377 417 scenam
403 376 628 428 productam
656 387 767 422 esse;
794 376 869 414 hoc
894 379 1045 426 tempus
1072 375 1209 414 cadere
1234 377 1275 414 in
1301 388 1414 414 unum
1441 388 1488 414 ex
1505 378 1610 415 annia
1627 378 1837 425 215-212
1854 380 1989 417 mehr.
2008 392 2059 424 n.,
2084 381 2121 416 in
2140 381 2221 427 pri-

159 463 255 488 mam
282 453 459 495 aetatem,
488 460 562 497 qua
587 448 746 485 Plautus
773 449 813 486 in
839 449 1057 486 universum
1082 448 1226 486 fabulas
1254 448 1370 487 edere
1395 449 1548 499 incepit.
1602 449 1682 488 Gur
1707 450 1958 491 Cistella-iam
1985 454 2026 491 et
2047 451 2221 491 Casinam

159 530 233 561 tam
260 530 407 560 mature
434 537 457 560 a
482 524 620 560 Plauto
647 524 875 570 compositas
903 534 991 559 esse
1017 523 1207 567 statuerit,
1232 522 1405 570 pluribus
1431 522 1592 571 explicat
1619 534 1704 573 pag.
1727 511 1847 574 b14.;
1892 524 1961 561 sed
1987 524 2038 562 de
2063 523 2220 561 Aulula-

158 596 215 634 ria
241 608 327 635 cum
353 596 437 646 ipse
463 596 611 646 planius
638 594 856 644 clariusque
883 595 936 633 nil
963 594 1159 641 adiecerit,
1186 596 1331 644 pariter
1357 596 1503 633 scilicet
1529 597 1597 634 ille
1622 609 1754 635 carena
1778 598 2003 635 certioribus
2021 602 2222 645 argumen·
2258 627 2263 635 .

158 671 207 706 tis
244 669 491 718 vestigiisque
527 680 575 706 ex
607 680 735 706 rerum
762 667 1014 706 Romanarum
1049 667 1210 705 historia
1237 668 1389 717 petitis,
1424 669 1614 706 coniicere
1648 669 1750 715 licet,
1783 669 1830 707 ad
1859 670 1971 707 istam
1998 670 2221 706 sententiam

161 742 361 779 adductum
390 753 477 779 esse
503 740 638 779 Virum
658 740 927 778 Doctissimum·
950 741 1099 779 interna
1124 741 1239 778 modo
1265 744 1398 779 natura
1422 741 1573 779 fabulae
1599 745 1639 779 et
1663 742 1804 789 indole,
1832 754 1930 791 quae
1954 736 2031 792 ipsi
2054 743 2220 791 priorem

163 819 325 853 aetatem
352 815 480 852 Plauti
506 815 740 865 significasse
765 814 929 852 videtur.
981 814 1041 852 Ex
1068 815 1115 852 iis
1141 826 1252 860 vero,
1288 826 1385 862 quae
1412 815 1461 852 de
1487 815 1657 861 indiciis,
1702 827 1749 852 ex
1777 816 1912 863 quibus
1939 816 1988 852 de
2013 815 2222 851 maturiore

159 887 369 925 fabularum
406 888 553 938 origine
580 887 769 925 coniicere
794 886 930 934 liceat,
966 900 1052 938 pag.
1078 888 1171 925 617.
1197 888 1389 933 disseruit,
1415 887 1454 925 in
1481 888 1693 926 universum
1717 891 1846 937 patet,
1885 889 2013 936 prius,
2041 898 2116 934 quo
2143 887 2220 923 sin-

162 961 270 1010 gulae
295 960 446 997 fabulae
480 972 503 998 a
528 959 666 997 Plauto
702 960 868 1009 scriptae
893 961 989 1006 sint,
1025 963 1174 1010 tempus
1201 960 1247 997 ab
1275 960 1360 1010 ipso
1386 960 1548 1009 intelligi
1573 963 1697 1009 atque·
1715 960 1850 998 coniici
1877 972 1924 997 ex
1949 961 2091 998 maiore
2117 958 2223 997 face·

159 1034 309 1079 tiaram,
335 1033 508 1082 leporum
534 1034 782 1080 iocorumqne
808 1033 1000 1070 alacritate
1027 1037 1067 1070 et
1092 1034 1249 1081 vigore,
1278 1033 1344 1080 qui
1370 1036 1494 1069 tamen
1521 1033 1743 1070 comunctus
1771 1034 1824 1070 sit
1848 1044 1931 1069 cum
1949 1019 2104 1069 'minore
2132 1043 2222 1068 cura

161 1106 452 1155 diligentiaque,
488 1106 655 1143 adhibita
688 1105 736 1143 ad
770 1117 897 1143 mores
933 1105 1201 1144 describendos
1236 1106 1522 1155 pingendasque
1556 1108 1678 1154 atque
1703 1107 1750 1143 ad
1775 1105 1934 1143 fabulae
1952 1106 2222 1149 oeconomiam,

162 1191 275 1229 quam
301 1180 444 1218 dicunt.
497 1178 577 1217 Sed
602 1179 678 1218 hoc
704 1179 789 1229 ipso
815 1179 856 1217 in
882 1178 968 1217 loco
995 1190 1070 1217 non
1097 1190 1267 1229 possum,
1292 1180 1384 1227 quin
1409 1179 1448 1217 in
1476 1179 1582 1217 aliam
1599 1180 1823 1218 sententiam
1840 1179 2040 1217 discedam.
2095 1179 2220 1226 Quan-

161 1258 241 1289 tum
271 1253 445 1301 equidem
481 1253 614 1297 video,
653 1252 848 1289 Aulularia
876 1256 935 1290 est
962 1263 1008 1289 ex
1033 1253 1080 1289 iis
1107 1252 1257 1298 fabulis,
1286 1263 1378 1301 quas
1403 1252 1682 1303 perfectissime
1707 1252 1864 1291 Plautus
1891 1252 2115 1302 composuit,
2143 1252 2223 1289 sive

161 1327 317 1363 facetias
343 1327 526 1373 iocosque
551 1325 766 1373 respexeris
783 1351 795 1370 ,
832 1326 911 1362 sive
938 1336 1085 1370 mores,
1113 1325 1194 1361 sive
1219 1325 1370 1362 fabulae
1398 1326 1713 1373 descriptionem,
1739 1329 1783 1362 ut
1808 1325 1919 1362 facile
1945 1325 2038 1361 mihi
2064 1336 2222 1374 persua-

162 1398 292 1443 serim,
319 1398 443 1435 media
470 1401 593 1434 aetate
620 1410 641 1434 a
658 1397 794 1434 Plauto
822 1409 908 1433 esse
936 1397 1196 1444 conscriptam.
1251 1395 1352 1432 Tota
1378 1390 1580 1445 dispositio
1606 1410 1700 1444 prae
1725 1410 1769 1434 se
1793 1398 1872 1434 fert
1895 1398 2075 1433 maiorem
2104 1408 2223 1445 quen-

164 1470 248 1507 dam
282 1470 425 1518 ingenii
460 1469 623 1514 cultum3
677 1469 964 1506 exercitatiores
998 1468 1224 1517 conspicuae
1258 1471 1346 1505 aunt
1378 1469 1480 1506 vires
1517 1471 1557 1507 in
1584 1471 1792 1508 scribendis
1827 1470 2057 1514 comoediis3
2102 1470 2224 1506 omnia

165 1543 309 1591 optime
343 1542 446 1578 inter
481 1552 526 1578 se
560 1541 764 1578 cohaerent
798 1543 838 1578 et
871 1540 972 1577 bene
1006 1542 1093 1577 sunt
1118 1540 1345 1588 dispensata.
1398 1540 1479 1577 loci
1504 1542 1633 1584 insunt
1659 1545 1698 1578 et
1724 1543 1832 1586 salas¹
1850 1542 2048 1580 admodum
2074 1542 2226 1589 vegeti3

163 1615 296 1662 purior
322 1616 446 1649 tamen
474 1615 533 1648 est
559 1624 708 1657 sensus,
736 1616 776 1648 et
801 1612 921 1659 proba
946 1611 1141 1659 cogitandi
1166 1611 1390 1658 vivendique
1414 1613 1523 1649 ratio.
1576 1612 1745 1650 Pessima
1772 1624 1948 1660 quaeque
1965 1613 2226 1661 improbantur

164 1691 204 1724 ct
230 1686 316 1735 plus
344 1684 464 1722 semel
491 1684 702 1732 exemplum
730 1684 958 1732 proponitur
982 1683 1136 1732 pietatis
1162 1695 1386 1730 morumque
1413 1684 1611 1722 admodum
1639 1670 1863 1733 simplicium
1891 1688 1931 1722 et
1964 1685 2226 1723 honestorum.

165 1758 286 1796 Simul
313 1770 456 1796 summa
483 1757 656 1794 alacritas
684 1757 918 1807 conspicitur
946 1759 986 1793 et
1012 1756 1171 1793 actionis
1200 1759 1240 1793 et
1267 1756 1459 1802 orationis,
1487 1758 1883 1813 sermonisque—quasi
1900 1757 2073 1795 iuvenilis
2092 1758 2226 1803 ardor3

166 1834 205 1869 in
234 1832 351 1878 locis,
387 1831 452 1867 ubi
478 1829 739 1867 vehementius
768 1829 935 1878 assurgit
962 1829 1167 1867 animorum
1193 1831 1319 1866 motus
1347 1832 1387 1866 et
1412 1828 1591 1875 affectus,
1633 1830 1826 1879 aptissime
1849 1830 2083 1879 respondent
2107 1834 2227 1869 metra

165 1906 274 1942 valde
290 1905 474 1948 motoria;
517 1903 582 1951 qui
600 1903 699 1939 sales
715 1903 881 1950 denique
897 1903 1049 1951 iocique
1066 1902 1228 1940 fabulam
1244 1902 1437 1948 condiunt,
1464 1903 1490 1939 ii
1508 1905 1551 1939 ut
1568 1904 1657 1939 sunt
1675 1902 1875 1941 alacriores
1892 1902 2094 1951 vividique,
2120 1904 2173 1941 ita
2186 1905 2226 1941 in

168 1978 387 2014 universum
415 1976 669 2025 elegantiores
697 1975 775 2012 dici
801 1975 942 2011 debent
969 1978 1009 2011 et
1035 1975 1120 2012 fere
1147 1976 1290 2016 selecti.
1344 1975 1404 2011 Ex
1429 1975 1599 2019 omnibus
1626 1974 1685 2011 his
1712 1977 1831 2023 patet,
1857 1974 2051 2021 maturiori
2073 1976 2224 2024 quidem

167 2055 207 2088 et
224 2050 337 2095 virili,
365 2049 433 2086 sed
450 2060 527 2085 non
552 2048 673 2093 senili,
700 2060 776 2084 non
792 2048 947 2084 iuvenili
966 2051 1089 2084 aetate
1104 2048 1200 2085 hanc
1224 2048 1385 2085 fabulam
1411 2051 1561 2096 poetam
1586 2047 1736 2085 fecisse.
1788 2047 1960 2093 Accedit,
1986 2048 2167 2086 historice
2193 2050 2228 2086 si

169 2135 251 2161 rem
259 2121 505 2172 spectaveris‚
526 2120 641 2169 quod,
663 2132 759 2169 quae
766 2121 815 2159 de
831 2120 920 2158 luxu
934 2120 1113 2168 iustoque
1127 2122 1269 2159 maiore
1283 2124 1407 2159 sumtu
1422 2121 1545 2157 acrius
1560 2120 1819 2169 vituperantur
1833 2123 1947 2168 atque
1963 2122 2225 2171 perstringun-

174 2200 258 2241 tur,
295 2206 340 2233 ea
373 2194 493 2244 magis
530 2193 667 2232 cadere
702 2197 794 2244 puto
828 2193 869 2232 in
903 2193 1050 2232 virilem
1086 2193 1211 2233 Plauti
1247 2197 1428 2240 aetatem,
1466 2192 1506 2231 in
1540 2192 1637 2231 illud
1672 2193 1824 2243 imperii
1859 2192 2019 2232 Romani
2059 2199 2224 2244 tempus,

159 2251 250 2317 ’quo
286 2279 415 2305 rerum
450 2268 525 2304 iam
552 2268 670 2316 potiri
696 2269 903 2317 coeperunt
929 2266 1088 2303 Romani
1114 2278 1186 2316 per
1211 2267 1398 2314 Africam,
1438 2277 1509 2315 per
1534 2265 1770 2316 Hispaniam,
1803 2277 1876 2317 per
1901 2265 2120 2314 Graeciam,
2157 2280 2227 2318 per

168 2342 306 2387 Asiam,
334 2342 374 2378 in
401 2342 474 2378 ista
499 2344 694 2389 tempora,
723 2353 821 2388 quae
850 2344 938 2377 sunt
964 2341 1009 2377 ab
1037 2352 1133 2377 anno
1162 2341 1253 2378 20⁰.
1280 2352 1403 2389 usque
1430 2340 1476 2376 ad
1502 2351 1637 2377 annum
1664 2340 1754 2378 19⁰.
1780 2352 1813 2376 a.
1842 2340 1932 2378 Chr.
1957 2352 1995 2377 ιι.
2047 2340 2226 2378 Mortuus

170 2417 230 2451 est
255 2413 432 2458 Plautus,
468 2416 512 2450 ut
539 2413 701 2463 legimus
729 2413 832 2462 apud
860 2413 1084 2451 Ciceronem
1110 2414 1215 2451 Brut.
1242 2425 1325 2463 cap.
1353 2412 1438 2460 15„
1477 2413 1586 2451 Coss.
1612 2412 1655 2449 P.
1679 2412 1859 2460 Claudio,
1886 2412 1931 2449 L.
1959 2413 2109 2459 Porcio,
2138 2413 2227 2451 183.

170 2497 266 2525 anno
296 2498 327 2524 a.
355 2486 447 2524 Chr.
473 2496 510 2523 n.

678 2640 824 2709 Quo
862 2641 1020 2694 loco
1057 2640 1430 2694 Aulularia
1465 2646 1728 2712 agatur.

281 2776 427 2825 Quibus
462 2775 558 2814 locis
598 2780 755 2827 agantur
791 2776 962 2821 fabulae,
1003 2776 1104 2814 haud
1139 2777 1255 2815 semel
1291 2778 1329 2815 in
1355 2777 1526 2828 prologis
1553 2774 1735 2814 monitum
1761 2776 1972 2827 reperimus
1998 2780 2063 2814 aut
2088 2781 2232 2827 aperte,

173 2854 239 2887 aut
265 2850 419 2888 tectius.
473 2848 537 2888 Sic
565 2848 723 2888 Thebae
759 2850 996 2888 nominantur
1030 2851 1218 2900 Amphitr.
1254 2851 1352 2901 prol.
1387 2863 1440 2888 vs.
1475 2851 1548 2896 ⁰7,
1588 2840 1819 2900 Epidamnus
1851 2850 2009 2888 Mercat.
2043 2851 2140 2899 prol.
2177 2862 2232 2888 vs.

174 2924 283 2969 168„
312 2923 490 2973 Ephesus
516 2922 637 2962 Milit.
665 2923 772 2961 Glor.
800 2923 839 2969 2,
867 2924 905 2970 1,
933 2924 1010 2969 10..
1039 2923 1209 2973 Calydon
1238 2923 1395 2962 Poenul.
1420 2923 1519 2974 prol.
1546 2935 1599 2962 vs.
1625 2922 1703 2970 08„
1731 2923 1903 2974 Cyrenae
1929 2922 2027 2962 Rud.
2054 2924 2151 2974 prol.
2177 2934 2232 2961 vs.
