2360 3050
1089 140 1236 150 ——-

135 221 345 272 pertinent,
367 219 422 256 de
447 230 517 263 oo,
542 215 766 256 cum‘titnlo
791 217 906 254 huius
932 217 1051 253 libelli
1077 229 1209 265 parum
1235 216 1495 267 significetur,
1526 215 1726 267 benignius
1749 215 1897 255 veniam
1921 227 1985 255 me
2008 217 2188 270 impetra-

133 299 263 335 turum
288 305 375 333 esse
401 292 562 342 speravi.
1245 308 1248 310 ·

242 366 323 405 Sed
357 369 401 403 nt
436 365 609 411 redeam,
648 363 774 402 Plauti
803 363 994 402 Aulularia
1028 363 1238 412 parcissimi
1273 366 1315 401 et
1341 363 1566 401 tenacissimi
1594 363 1696 401 senis
1721 366 2028 413 repraesentatur
2051 364 2189 417 imago,

137 440 354 486 Euclionis,
392 441 457 489 qui
490 439 612 476 aulam
648 439 730 477 auri
767 439 914 488 plenam
950 437 1050 475 domi
1078 450 1170 475 suae
1195 437 1382 475 defossam
1410 438 1572 483 invenit,
1605 438 1868 488 inventamque
1892 439 2039 479 miseris
2064 440 2189 480 modis

131 516 263 553 'servat
287 513 401 552 modo
427 513 503 559 hic,
529 511 641 551 modo
667 512 747 550 illic
773 511 1015 557 abscondens,
1042 511 1162 549 donec
1189 511 1379 560 decipitur
1404 511 1601 560 aulamque
1628 511 1778 549 omittit.

899 625 1007 679 De
1073 624 1421 679 nomine.

247 731 358 780 Quod
382 730 597 768 Aulularia
623 729 803 779 inscripta
827 732 887 767 est
913 730 1049 775 sabula,
1078 733 1137 767 est
1163 730 1340 773 fortasse..
1369 729 1471 779 quod
1499 739 1671 778 quaeras,
1699 728 1764 777 qui
1789 728 1929 767 factum
1954 727 2019 777 sit,
2044 732 2088 767 ut
2113 740 2189 771 non

137 804 264 842 Avari
277 804 388 841 titulo
405 816 485 841 eam
504 803 749 840 nominaverit
766 807 890 852 poeta,
917 803 1064 840 fabulae
1091 808 1348 854 argumentum
1376 803 1475 840 haud
1498 806 1600 841 tecte
1618 802 1843 852 significans,
1872 803 2187 852 quemadmodum

138 878 239 915 idem
267 877 423 915 Plautus
457 877 688 914 comoediam
725 877 854 922 istam,
895 889 969 924 qna
1002 881 1210 914 ostentator
1245 876 1425 913 ridIculus
1459 876 1566 913 miles
1599 888 1791 924 vanusque
1816 876 1932 913 homo
1957 876 2188 926 depingitur,

134 951 383 1000 inscriptione
418 949 559 985 Militis
596 949 765 985 Gloriosa·
795 950 965 997 signavit.
1032 950 1119 997 lpse
1153 949 1381 995 Mulierius,
1425 950 1524 985 inter
1555 948 1823 996 Francogallos
1857 949 2087 985 comicorum
2121 948 2189 987 ille

136 1024 334 1075 princeps,
370 1034 482 1072 quam
509 1022 687 1059 imitando
714 1023 800 1059 inde
826 1022 918 1060 fecit
944 1023 1119 1069 fabulam,
1146 1023 1357 1072 inscripsit:
1393 1022 1577 1060 L‘avare.
1632 1021 1885 1061 Veruntamen
1909 1022 1983 1060 iam
2011 1021 2187 1073 Lessing.

136 1095 386 1149 (dramaturg.
429 1107 510 1145 cap.
556 1095 678 1143 XXI.)
715 1096 849 1142 docet,
898 1097 1089 1134 veteribus
1128 1100 1168 1134 et
1204 1097 1361 1135 Graecis
1397 1100 1436 1135 et
1469 1096 1647 1134 Romanis
1682 1096 1802 1134 minus
1838 1094 1957 1134 fuisse
1990 1095 2030 1134 in
2064 1106 2186 1143 more,

135 1175 194 1218 ut,
220 1172 332 1208 sicuti
360 1182 458 1206 nunc
487 1170 635 1217 quidem
663 1170 762 1207 haud
788 1182 874 1207 raro
902 1171 958 1217 fit,
987 1172 1198 1208 comoedias
1227 1171 1477 1208 inscriberent
1503 1170 1665 1216 nomine,
1693 1181 1739 1207 ex
1766 1181 1841 1218 quo
1866 1169 1949 1218 ipsa
1975 1170 2187 1220 argumenti

135 1248 268 1282 natura
296 1247 336 1281 et
362 1244 457 1281 ratio
485 1243 715 1280 manifestius
743 1248 955 1293 appareret.
1009 1244 1065 1281 lta
1093 1246 1192 1281 enim
1220 1244 1370 1290 facere,
1411 1256 1620 1293 quanquam
1648 1254 1722 1280 non
1749 1254 1907 1291 prorsus
1936 1244 2088 1291 quidem
2115 1242 2184 1281 de·

133 1307 407 1368 dignabantur,
442 1319 485 1352 ut
512 1327 699 1364 quemque
725 1316 897 1364 inprimis
925 1317 1112 1353 docebunt
1138 1317 1346 1353 fabularum
1374 1317 1541 1363 nomina,
1577 1328 1675 1366 quae
1701 1317 1739 1352 in
1764 1316 1986 1365 fragmentis
2014 1315 2184 1354 scenico·

132 1403 216 1428 rum
241 1391 482 1428 inveniuntur
509 1393 547 1425 et
561 1390 789 1426 Graecorum
807 1394 846 1425 et
865 1389 1128 1433 Romanorum,
1156 1390 1391 1437 potissimum
1407 1389 1627 1434 fabularum,
1656 1401 1752 1437 quae
1771 1388 1911 1437 duplici
1935 1392 2025 1425 sunt
2048 1388 2185 1426 iuscri-

131 1464 284 1514 ptione,
317 1463 356 1501 in
393 1463 529 1511 quibus
564 1462 684 1500 altera
717 1462 942 1511 plerumque
969 1463 1125 1511 propius
1153 1463 1298 1500 accedit
1325 1463 1371 1499 ad
1398 1474 1517 1512 genus
1543 1463 1771 1510 modumque
1797 1462 2028 1512 argumenti,
2060 1465 2185 1501 tamea

132 1537 377 1575 nihilominus
406 1536 602 1584 pauciores
628 1536 741 1572 modo
768 1536 954 1572 inveneris
981 1535 1138 1580 fabulas,
1168 1547 1264 1583 quae
1290 1536 1473 1582 similiter,
1507 1539 1549 1573 ut
1575 1535 1690 1573 Miles
1718 1535 1933 1581 Gloriosus,
1960 1534 2039 1572 suis
2064 1534 2185 1572 nomi-

131 1609 242 1648 nibus
279 1608 465 1652 indicent,
503 1607 592 1655 quid
628 1607 722 1655 ipsis
758 1610 798 1643 et
832 1607 954 1654 qualia
989 1611 1257 1655 proponantur.
1310 1607 1431 1645 Etiam
1467 1609 1604 1656 quibus
1636 1608 1754 1644 indita
1789 1611 1880 1644 sunt
1914 1607 1991 1644 duo
2022 1607 2184 1653 nomina,

131 1694 224 1732 quas
242 1682 386 1720 fabulas
410 1681 559 1728 quidam
577 1680 705 1716 dicunt
722 1680 942 1725 binomines,
970 1681 1008 1716 in
1026 1681 1071 1715 iis
1089 1691 1299 1727 quanquam
1316 1681 1475 1717 alterum
1491 1692 1638 1725 nomen,
1666 1680 1892 1728 plerumque
1907 1680 2040 1729 magis,
2068 1683 2112 1717 ut
2130 1681 2184 1718 ita

132 1755 267 1799 dicam,
305 1753 529 1802 appellative
554 1744 727 1796 inditum,
762 1753 919 1801 propius
947 1765 968 1789 a
995 1753 1237 1801 significanda
1264 1753 1475 1802 argumenti
1501 1757 1633 1790 natura
1659 1753 1777 1799 abest,
1813 1756 1939 1790 tamen
1966 1753 2185 1802 aenigmatis

130 1828 260 1867 nescio
287 1826 375 1875 quid
404 1837 555 1874 semper
581 1827 775 1874 superest,
802 1829 851 1870 ut,
869 1825 1106 1874 impediaris,
1143 1837 1218 1874 quo
1246 1826 1368 1863 minus
1396 1828 1604 1864 accuratius
1631 1826 1839 1876 intelligas,
1876 1826 1980 1875 quod
2006 1829 2047 1864 et
2072 1825 2185 1876 quale

129 1903 387 1950 argumennun
421 1898 545 1935 fabula
580 1902 775 1934 tractetur.
828 1898 988 1935 Nomina
1023 1899 1231 1936 fabularum
1262 1904 1489 1949 repetuntur
1514 1901 1738 1950 plerumque
1764 1912 1786 1938 a
1812 1900 1927 1937 rebus
1954 1903 2019 1937 aut
2044 1911 2066 1937 a
2091 1911 2181 1949 per·

129 1974 248 2018 sonis,
276 1984 432 2020 quarum
457 1975 517 2008 est
537 1971 677 2008 mentio
705 1972 744 2008 in
771 1970 936 2008 dramate
963 1972 1065 2008 haud
1091 1984 1177 2008 raro
1205 1973 1404 2009 admodum
1431 1974 1524 2009 levis
1553 1973 1778 2020 tenuisque3
1832 1973 1956 2020 ipsum
1983 1983 2181 2020 argumen-

128 2050 209 2085 tum
237 2045 350 2094 quale
377 2045 440 2091 sit,
468 2044 692 2094 plerumque
717 2047 782 2082 aut
806 2044 874 2091 nil,
900 2048 965 2083 aut
986 2045 1177 2083 minimum
1203 2049 1309 2085 certe
1335 2046 1424 2085 inde
1451 2047 1668 2096 suspiceris.
1710 2045 1766 2083 Ita
1788 2044 2005 2084 Aululariae
2030 2045 2182 2085 nomine

129 2120 178 2158 de
204 2122 424 2169 argumento
453 2118 504 2154 nil
532 2119 722 2155 docemur.

235 2191 313 2230 Sed
351 2203 397 2229 ex
432 2192 615 2228 sermonis
651 2190 758 2228 latini
792 2190 944 2241 ingenio
980 2194 1021 2228 et
1051 2191 1326 2229 consuetudine
1351 2192 1445 2230 haec
1470 2191 1597 2230 fabula
1621 2203 1670 2230 ne
1696 2192 1820 2242 potuit
1846 2190 2000 2241 quidem
2027 2191 2181 2231 inscribi

129 2265 280 2305 nomine
314 2265 449 2302 Avari.
503 2265 638 2312 Neque
674 2265 772 2302 enim
807 2251 896 2302 satis
933 2265 1083 2302 latinam
1116 2265 1213 2302 hanc
1246 2266 1527 2313 inscriptionem
1554 2265 1659 2311 fore,
1694 2265 1805 2302 facile
1831 2265 2039 2315 apparebit.
2093 2266 2180 2314 Quo

129 2339 229 2385 enim
255 2339 445 2386 antiquior
471 2341 530 2374 est
555 2349 679 2374 sermo
706 2337 908 2383 Romanus,
949 2349 996 2375 eo
1022 2339 1143 2375 minus
1170 2349 1293 2386 eoque
1319 2338 1440 2374 rarius
1468 2350 1628 2375 ararum
1654 2338 1813 2375 Romani
1841 2338 1980 2375 dixisse
2005 2337 2181 2375 videntur

127 2411 323 2448 hominem
350 2411 578 2446 tenaciorem
605 2410 863 2457 pecuniaeque
890 2422 1017 2446 amore
1043 2411 1138 2447 adeo
1165 2414 1324 2458 captum,
1341 2413 1395 2446 ‘ut
1421 2410 1467 2446 ad
1496 2410 1629 2446 sordes
1653 2410 1847 2446 delabatur
1863 2410 2180 2459 inhonestiusqne

127 2483 379 2534 parsimoniae
407 2494 450 2521 se
476 2471 624 2521 dedat.¹
654 2483 828 2531 Avarus,
866 2484 905 2520 id
932 2484 1033 2532 qnod
1061 2496 1106 2521 ex
1133 2485 1214 2533 ipsa
1241 2484 1357 2532 etymi
1375 2485 1519 2521 ratione
1546 2483 1792 2533 intelligitur,
1828 2487 1910 2530 est,
1948 2485 2013 2532 qui
2038 2484 2181 2523 habere

128 2556 287 2596 maxime
321 2556 427 2606 cupit
463 2555 677 2594 nominatim
711 2557 908 2606 pecuniam
943 2557 1100 2606 eiusque
1133 2557 1415 2607 possessionem
1451 2557 1605 2595 nimium
1645 2557 1813 2607 appetit3
1884 2557 1988 2607 quod
2026 2557 2180 2608 quidem

128 2630 259 2668 vitium
285 2631 385 2669 inter
402 2630 589 2668 Romanos
616 2631 681 2668 illa
706 2634 840 2677 aetate,
869 2643 943 2680 qua
968 2631 1144 2669 libertate
1170 2632 1401 2681 reipublicae
1427 2632 1549 2669 adhuc
1575 2634 1726 2670 utentes
1754 2631 1910 2681 spiritus
1938 2632 2046 2680 quasi
2067 2631 2178 2670 altio·

128 2714 192 2743 res
218 2704 349 2743 animis
376 2705 569 2755 gerebant,
596 2704 716 2742 multo
741 2704 816 2742 fuit
842 2704 1091 2753 frequentius,
1122 2717 1232 2754 quam
1258 2706 1391 2743 vitium
1417 2706 1532 2752 istud,
1562 2706 1665 2754 quod
1692 2709 1753 2743 est
1778 2707 1818 2743 in
1843 2706 2046 2743 tenacitate
2072 2709 2113 2744 et
2137 2705 2178 2744 in

128 2776 243 2815 nimia
268 2777 513 2828 parsimonia,
549 2780 683 2828 utpote
718 2777 827 2815 nimis
856 2778 963 2827 quasi
991 2778 1166 2829 pusillum
1183 2790 1287 2829 prae
1314 2778 1571 2830 magnitudine
1597 2779 1746 2829 imperii
1774 2782 1814 2817 et
1838 2778 2021 2829 gravitate
2046 2778 2175 2828 reipu-

127 2849 261 2896 blicae,
290 2862 401 2898 qnam
427 2851 510 2893 fere
537 2852 675 2900 singuli
702 2853 804 2888 cives
831 2852 1136 2889 administrantes
1164 2852 1286 2889 adbuc
1313 2853 1569 2902 capessebant.
1621 2852 1713 2889 Inde
1737 2851 1877 2889 factum
1903 2854 2009 2902 puto,
2035 2854 2079 2891 nt
2095 2849 2175 2889 Ro·

128 2923 227 2962 mani
260 2922 345 2962 fere
376 2928 530 2963 careant
554 2925 757 2972 vocabulo,
794 2936 869 2975 quo
894 2926 1052 2977 proprie
1076 2929 1118 2965 et
1140 2926 1402 2977 peculiariter,
1435 2937 1518 2966 rem
1544 2937 1615 2965 acu
1639 2929 1815 2976 tanquam
1840 2929 2058 2975 tangentes,
2091 2924 2176 2964 illas

1883 2999 1907 3036 1
1936 2998 1957 3020 Ψ
