2360 3050
1164 101 1219 139 25

163 228 284 277 bulas,
310 239 434 278 usque
448 226 494 265 ad
504 226 802 265 ultimamrerum
812 225 1060 265 Romanarum
1070 230 1243 274 aetatem,
1270 225 1406 264 Plauto
1419 224 1578 264 Romani
1599 226 1892 274 delectabantur,
1919 241 1965 266 eo
1976 228 2213 279 frequentius

162 305 314 353 poetam
339 302 440 340 hunc
467 301 649 338 comicum
675 301 746 338 sibi
779 301 957 339 dilectum
983 301 1037 339 ita
1060 301 1279 347 tractabant,
1307 302 1349 337 ut
1375 300 1469 338 adeo
1497 300 1639 338 lusibus
1667 301 1881 339 istiusmodi
1909 303 1954 340 ad
1983 316 2066 341 eum
2093 306 2214 354 perti·

162 377 339 413 uentibus
376 386 419 412 se
455 375 742 411 committerent.
795 375 1066 423 Antiquissimo
1101 377 1228 410 autem
1262 376 1436 421 tempore
1472 373 1662 410 exstitisse
1689 374 1902 411 istiusmodi
1930 368 2209 428 ἇκροςιχίδας,

163 450 275 485 etiam
302 459 348 485 ex
376 448 562 485 Cicerone
589 448 788 493 discimus,
821 449 886 496 qui
912 449 950 484 in
976 448 1097 493 libro,
1126 459 1236 495 quem
1264 447 1419 493 scripsit
1445 446 1494 483 de
1521 447 1771 491 divinatione,
1798 448 1883 484 libr.
1911 448 1947 485 2.
1976 461 2057 497 cap.
2083 450 2148 485 54.
2176 449 2212 498 §.

164 520 254 557 111.
290 520 334 557 ab
361 520 486 558 Ennio
520 521 592 557 iam
630 513 901 572 ἆκροςιχίὸας
935 520 1052 557 factas
1088 532 1176 572 esse
1210 521 1495 565 commemorat,
1532 520 1623 568 quin
1658 520 1698 558 in
1734 519 1929 570 Sibyllinis
1963 521 2070 559 libris
2109 522 2214 560 addit

161 593 322 644 vestigia
353 593 564 631 huiusmodi
590 605 765 631 versuum
794 595 951 631 exstare.
978 589 1019 644 ²⁸)

482 752 579 805 De
616 751 873 806 duobus
912 748 1424 823 supplementis
1462 748 1888 805 Aululariae.

271 885 370 934 Sed,
397 891 439 924 ut
466 900 676 938 pergamus,
704 889 914 935 Aulularia,
944 888 1064 937 qualis
1091 888 1214 926 adhuc
1238 886 1401 936 legitur,
1429 897 1503 923 non
1531 887 1577 924 ad
1603 887 1716 924 finem
1744 888 1925 936 perducta
1952 887 1999 924 ad
2025 899 2094 925 uos
2122 900 2211 937 per-

163 959 287 1005 venit;
340 961 504 998 mutilam
543 965 581 998 et
607 961 864 1010 imperfectam
891 962 1093 1006 habemus;
1148 961 1250 1009 quod
1278 972 1324 997 eo
1352 959 1500 1009 gravius
1528 959 1730 997 dolendum
1758 963 1837 1006 est,
1874 972 1948 1008 quo
1976 960 2093 1010 magis
2122 949 2214 1009 prae

163 1033 301 1070 ceteris
337 1033 430 1070 haec
464 1034 589 1071 fabula
625 1034 879 1071 commendata
916 1037 976 1071 est
1010 1034 1238 1082 praestantia
1265 1045 1333 1070 sua
1360 1037 1475 1080 atque
1502 1032 1697 1081 elegantia.
1752 1033 1793 1069 In
1822 1034 1992 1070 omnibus
2020 1034 2213 1070 codicibus

162 1103 294 1149 MSS„
332 1109 517 1154 quotquot
553 1106 704 1154 quidem
738 1089 937 1153 hucusque
963 1106 1207 1143 innotuerunt
1234 1108 1273 1142 et
1298 1105 1460 1153 inspecti
1487 1108 1596 1150 sunt,
1631 1104 1756 1141 fabula
1783 1108 1843 1141 est
1868 1117 1997 1142 manca
2023 1105 2213 1153 finemque

162 1177 275 1214 habet
302 1181 372 1214 act.
400 1178 436 1215 5.
465 1191 518 1215 sc.
547 1179 595 1224 1.,
624 1179 687 1215 ubi
706 1178 919 1227 Lyconides
948 1182 988 1215 et
1014 1179 1134 1227 ipsius
1162 1189 1290 1214 servus
1319 1177 1519 1223 Strobilus,
1547 1177 1613 1214 ille
1639 1177 1736 1215 alter
1762 1190 1784 1216 a
1803 1177 1969 1216 Strobilo
1997 1190 2107 1217 servo
2124 1178 2210 1216 Me-

163 1250 293 1298 gadori
320 1251 501 1298 diversus,
527 1252 626 1289 inter
652 1263 695 1289 se
722 1252 1000 1299 colloquuntur.
1053 1252 1136 1288 Illic
1162 1251 1315 1287 ultimus
1341 1254 1401 1287 est
1426 1261 1557 1286 versus
1584 1251 1647 1287 22.

671 1344 723 1351 —
750 1323 824 1361 Vel
851 1324 981 1360 hercle
1008 1324 1136 1370 enica,
1189 1335 1377 1371 nunquam
1404 1323 1490 1359 hinc
1516 1322 1619 1360 feres
1647 1335 1669 1360 a
1694 1334 1768 1361 me.

162 1395 253 1434 Inde
278 1397 351 1433 iam
377 1396 554 1445 leguntur
581 1397 655 1433 duo
683 1394 1038 1446 supplementa**);
1090 1396 1222 1445 priore
1247 1396 1335 1432 finis
1362 1399 1506 1432 tantum
1532 1397 1741 1445 imponitur
1767 1396 1831 1433 isti
1857 1397 2071 1445 colloquio,
2108 1397 2213 1447 quod

161 1473 220 1506 est
246 1470 346 1507 inter
372 1470 603 1518 Lyconidem
631 1473 669 1507 et
696 1469 915 1506 Strobilum.
969 1470 1076 1514 Hoc,
1112 1472 1156 1506 ut
1191 1470 1407 1517 nuperrime
1433 1468 1502 1506 Vir
1528 1470 1567 1505 in
1593 1469 1653 1506 his
1681 1470 1815 1506 studiis
1843 1470 1997 1515 unicus,
2033 1469 2213 1508 Ritsche-

160 1538 348 1589 lius***),
384 1543 421 1579 in
449 1542 576 1579 libello
603 1542 698 1589 isto,
734 1544 772 1580 in
809 1554 885 1591 quo
921 1541 970 1579 de
1003 1553 1047 1578 re
1080 1540 1210 1578 critica
1244 1540 1290 1577 ad
1320 1540 1494 1579 Plautum
1529 1542 1743 1590 pertinente
1770 1541 1970 1589 disseruit,
2009 1542 2213 1592 pag.'200.

163 1614 326 1660 detexit,
371 1615 531 1664 primum
574 1614 715 1664 legitur
757 1615 797 1652 in
833 1615 1000 1652 editione
1035 1613 1115 1650 Ioh.
1151 1613 1345 1662 Baptistae
1379 1613 1439 1652 Pii
1473 1614 1744 1660 Bononiensis,
1795 1623 1909 1663 quae'
1928 1614 2072 1664 prodiit
2106 1626 2213 1653 men·

163 1699 207 1724 se
241 1688 316 1724 Ian.
354 1688 478 1731 15o03
533 1691 722 1723 auctorem
757 1688 871 1723 huius
900 1687 1153 1734 supplementi
1178 1687 1413 1733 ignoramus3
1468 1688 1536 1723 sed
1562 1688 1690 1735 paullo
1718 1687 1909 1734 antiquius
1938 1699 2024 1724 esse
2049 1688 2213 1734 videtur,

166 1771 276 1808 quam
303 1759 461 1796 alterum
488 1760 803 1807 supplementum,
831 1759 933 1807 quod
958 1759 1103 1808 pariter
1129 1759 1343 1796 annectitur
1367 1760 1505 1805 versui,
1534 1772 1645 1808 quem
1672 1771 1786 1808 supra
1812 1760 1884 1797 iam
1910 1761 2082 1809 apposui,
2110 1761 2212 1799 vice·

165 1833 258 1870 simo
286 1832 369 1878 isti,
405 1832 469 1880 qui
504 1832 657 1870 ultimus
693 1835 752 1870 est
787 1835 858 1869 act.
891 1831 931 1869 5.
968 1843 1068 1869 scen.
1096 1832 1132 1869 1.
1186 1831 1332 1879 Huius,
1367 1836 1409 1870 ut
1435 1833 1548 1882 vulgo
1575 1836 1724 1877 notum,
1759 1836 1893 1870 auctor
1919 1837 1979 1869 est
2000 1834 2212 1872 Antoninus

164 1906 312 1941 Codrus
339 1905 507 1949 Urceus,
534 1905 637 1941 Prof.
665 1905 829 1949 Bonon.,
859 1905 922 1951 qui
948 1904 1041 1940 vixit
1065 1904 1218 1941 saeculo
1247 1905 1309 1941 15.
1337 1905 1406 1942 sub
1433 1905 1546 1953 impp.
1574 1904 1816 1955 Sigismundo
1844 1908 1883 1941 et
1909 1905 2109 1943 Friderico
2138 1906 2211 1952 111;

148 1979 211 2018 ,de
229 1979 304 2015 vita
324 1979 405 2016 eius
425 1977 601 2014 nonnulla
621 1977 765 2029 adiecta
781 1977 898 2014 habes
913 1977 952 2013 in
961 1977 1089 2014 Bothii
1105 1978 1249 2014 maiore
1268 1978 1431 2015 editione
1441 1978 1580 2023 Plauti,
1607 1990 1704 2025 quae
1713 1978 1877 2014 Berolini
1896 1979 2001 2014 annis
2017 1979 2147 2016 18⁰9-
2160 1980 2209 2015 11

161 2051 320 2100 prodiit,
356 2053 445 2088 tom.
479 2050 516 2087 4.
544 2061 628 2099 pag.
657 2049 744 2087 121.
798 2049 883 2086 Hoc
913 2049 1031 2086 Codri
1057 2050 1359 2099 supplementum
1386 2049 1616 2087 Ritschelius
1643 2050 1734 2095 ibid.
1761 2062 1846 2099 pag.
1873 2050 1962 2086 206.
1990 2050 2104 2088 docet
2129 2052 2209 2099 pri-

160 2135 261 2160 mum
279 2124 355 2173 legi
374 2124 412 2160 in
430 2123 594 2160 editione
604 2121 770 2171 Philippi
783 2122 972 2169 Beroaldi,
1001 2134 1099 2171 quae
1116 2123 1185 2160 sub
1208 2123 1329 2160 finem*
1350 2123 1435 2159 anni
1462 2122 1566 2160 1500
1590 2122 1743 2171 prodiit.
1797 2121 1910 2169 Quod
1936 2122 2143 2171 significavi
2170 2124 2210 2161 in

162 2197 276 2236 nullis
320 2197 425 2251 libris
467 2195 730 2246 manuscriptis
780 2194 859 2244 legi
903 2195 978 2232 duo
1023 2196 1097 2233 ista
1130 2195 1348 2234 Aululariae
1392 2195 1674 2245 supplementa,
1719 2193 1911 2232 Meursius
1945 2194 2061 2242 illud,
2106 2197 2210 2246 quod

163 2273 291 2321 priore
310 2271 395 2307 loco
422 2270 635 2315 memoravi,
663 2269 702 2305 in
729 2268 861 2306 codice
887 2280 973 2305 suo
996 2267 1081 2305 MS.
1098 2256 1286 2306 invenisse
1313 2280 1356 2306 se
1382 2269 1473 2305 dicit
1501 2273 1539 2305 et
1566 2282 1588 2306 a
1604 2269 1740 2306 Plauto
1766 2269 1850 2317 ipso
1877 2268 2092 2317 profectum
2118 2281 2208 2307 ceu-

162 2348 236 2383 set.
290 2343 367 2380 Sed
393 2344 464 2379 iam
485 2342 641 2380 Bothius
651 2339 755 2393 ****)
781 2342 940 2387 monuit,
967 2353 1043 2379 non
1069 2341 1227 2379 multum
1245 2341 1405 2379 Meursii
1433 2341 1555 2378 codici
1580 2341 1645 2378 isti
1671 2341 1910 2379 tribuendum
1937 2353 2037 2388 esse,
2066 2343 2209 2392 quippe

164 2419 231 2467 qui
273 2418 368 2455 adeo
410 2427 482 2465 pro
517 2415 746 2464 Apographo
789 2415 962 2452 editionis
996 2415 1166 2452 Iuntinae
1201 2415 1394 2452 habendus
1431 2415 1624 2460 videatur3
1687 2414 1837 2452 saeculo
1873 2414 2022 2451 demum
2060 2415 2207 2453 decimo

164 2493 294 2539 quinto
321 2503 397 2528 non
424 2502 537 2537 posse
562 2501 638 2525 nou
664 2492 785 2525 ortum
813 2500 916 2533 esse,
957 2491 1092 2535 utpote
1116 2489 1155 2523 in
1184 2500 1258 2534 quo
1287 2490 1398 2524 etiam
1424 2490 1612 2536 posterius
1639 2488 1756 2524 Urcei
1782 2488 2072 2523 additamentum
2099 2488 2206 2523 exhi·

163 2564 312 2603 beatur.
363 2562 498 2611 Neque
532 2560 643 2600 aliter
675 2559 758 2598 fere
792 2560 841 2598 de
873 2559 948 2598 hoc
980 2559 1112 2600 codice
1137 2559 1325 2600 iudicasse
1350 2561 1500 2599 videtur
1525 2560 1753 2599 Ritschelius
1779 2560 1821 2598 in
1845 2558 1945 2598 Mus.
1971 2558 2093 2598 Rhen.
2120 2571 2207 2609 pag.

207 2737 244 2778 ¹⁸)
264 2737 314 2769 De
334 2737 403 2768 istis
426 2735 619 2781 ἆκροςίχοις
640 2735 810 2778 disputavit
831 2736 926 2768 etiam
947 2734 1055 2768 Barth.
1078 2734 1212 2768 Advers.
1233 2736 1288 2777 53,
1308 2739 1339 2770 5.

205 2800 261 2840 **)
283 2799 354 2831 Vid.
376 2799 481 2831 Plaut.
505 2800 580 2832 edit.
604 2799 740 2831 Taubm.
761 2801 792 2831 4.
815 2799 888 2831 anni
911 2802 992 2830 1612
1014 2809 1088 2841 pag.
1112 2801 1204 2831 1265.

207 2863 277 2901 *4¹*)
300 2860 370 2894 vid.
392 2862 476 2894 Mus.
498 2861 602 2894 Rhea.
627 2866 761 2903 partem,
783 2871 864 2903 quae
884 2862 1076 2895 inscribitun
1117 2862 1149 2894 4.
1170 2861 1281 2905 Jahrg.
1300 2864 1332 2895 2.
1353 2861 1441 2895 Hert.

206 2924 294 2963 1**··*)
317 2924 396 2956 Ibid.
420 2928 496 2956 tom.
517 2927 548 2957 4.
570 2934 645 2965 pag.
668 2927 740 2957 119.
