2360 3050
1137 73 1176 110 ‚4

128 199 244 253 animi
269 198 404 239 cordes
431 198 659 248 nimiamque
686 197 950 247 parsimoniam
973 196 1052 234 sive
1078 191 1153 246 τὴν
1171 192 1451 248 φιλαργυρίαν
1478 196 1710 246 exprimant„
1751 198 1984 248 Quanquam,
2011 201 2188 242 magu,

128 273 201 311 ista
226 274 316 311 vitia
369 274 507 311 arctius
534 274 633 310 inter
660 284 703 309 se
731 272 967 315 cohaereant,
996 270 1177 306 maturius
1206 270 1277 305 iam
1306 282 1377 306 usu
1406 271 1520 315 venit,
1548 275 1591 306 ut
1616 271 1768 318 passim,
1796 274 1864 310 sed
1885 275 2018 320 rarius,
2046 286 2188 312 avarus

130 347 243 383 etiam
271 346 415 382 dicatur
441 346 529 391 iste,
566 346 631 393 qui
660 346 761 380 iusto
789 344 906 392 magis
934 342 1182 392 parsimoniae
1209 342 1380 391 indulget
1406 343 1676 391 sordidiusque
1702 347 1812 382 tenax
1839 349 1898 383 est
1923 348 2106 396 pecuniae
2133 351 2191 385 at-

125 430 207 466 que
233 430 480 455 nummorum.
534 419 611 454 Sed
637 419 731 453 haec
759 417 910 463 quidem
938 416 1176 463 significatio,
1213 427 1285 461 qua
1314 426 1456 451 avarus
1484 416 1697 452 nominatur
1723 418 1905 465 tenacior,
1939 420 2097 458 maxima
2124 420 2191 463 de-

131 501 231 529 mum
258 490 449 529 invenitur
474 490 680 539 posteriori
706 492 892 536 tempore,
930 501 1005 535 quo
1032 489 1263 535 reipublicae
1290 489 1464 524 libertate
1492 490 1627 535 privati
1653 489 1811 526 Romani
1838 503 1859 526 a
1884 491 1971 527 foro
1990 479 2191 540 *rebusque

130 562 293 612 publicis
319 563 458 601 remoti
484 562 531 600 ad
559 562 799 599 domesticam
827 561 947 610 magis
975 561 1086 597 vitam
1114 560 1320 606 redierunt,
1350 563 1389 597 et
1414 561 1587 610 privatim
1614 563 1672 598 rei
1699 562 1874 599 familiari
1901 565 2096 601 studentes
2114 577 2194 602 ma-

132 637 191 684 gis
209 636 414 684 colligendi
433 646 524 683 opes
546 636 754 682 cupiditate
774 634 948 682 occupati
968 634 1202 678 tenebantur,
1232 645 1354 681 quam,
1373 637 1416 669 ut
1427 637 1525 678 ante,
1543 634 1739 683 perdendi.
1768 635 1822 672 Ita
1833 635 2015 674 Horatius
2035 648 2195 675 avarum

132 708 228 746 dixit
263 709 364 746 iusto
398 709 608 757 parciorem
644 708 756 755 epod.
784 707 814 752 I,
843 709 881 752 l,
908 708 983 743 42:
1039 708 1186 753 „Quod
1215 710 1278 742 aut
1306 719 1446 742 avarus
1473 711 1516 741 ut
1544 708 1725 742 Chremes
1753 711 1854 743 terra
1880 720 2068 756 premam,
2104 709 2193 746 Dis-

134 780 280 818 cinctus
316 782 379 818 aut
411 780 589 830 perdam,
626 782 669 816 ut
705 781 883 828 nepos;“
921 782 960 816 et
988 778 1112 827 Satyr.
1140 779 1170 824 I,
1208 779 1245 823 1,
1275 778 1375 816 1032
1430 778 1552 824 „Non
1590 792 1662 827 ego
1701 778 1862 817 avarum
1889 782 2013 827 Quum
2040 785 2127 819 veto
2153 785 2195 820 te

134 854 233 899 fleri,
260 864 415 902 vappam
431 853 544 891 iubeo
563 856 601 889 et
617 852 887 889 nebulonem.“
930 852 1019 901 lpso
1039 851 1255 889 Aululariae
1273 852 1392 889 altero
1411 856 1642 902 argumento,
1671 854 1771 900 quod
1789 865 1863 890 non
1880 847 2104 904 ἅκρόςιχον
2124 858 2196 900 est,

134 926 235 963 haud
252 927 366 963 dubie
380 927 592 975 posteriore
610 926 757 962 demum
775 930 961 973 tempore,
989 928 1031 961 ut
1048 925 1159 971 vulgo
1176 928 1321 971 putant,
1350 924 1546 969 Prisciani,
1575 926 1798 974 composito,
1826 937 1941 963 senex
1966 926 2041 964 iste
2056 925 2195 965 Euclio

135 1009 191 1036 vs.
226 998 263 1036 1.
291 1011 434 1037 avarus
460 1000 683 1037 nominatur.
740 1000 845 1045 Quae
873 1012 958 1035 cum
984 999 1037 1033 ita
1064 999 1151 1042 siut,
1189 999 1222 1032 si
1250 998 1405 1033 Plautus
1432 999 1529 1033 hanc
1555 998 1718 1033 fabulam
1746 1000 1858 1034 avari
1878 1000 2033 1037 nomine
2059 999 2195 1035 iuscri-

127 1072 298 1120 ¹psisset,
350 1071 553 1109 verendum
588 1070 683 1116 fuit,
729 1083 777 1108 ne
813 1072 894 1120 ipsa
930 1069 1090 1106 nominis
1136 1069 1359 1118 significatio
1406 1082 1537 1118 parum
1583 1070 1626 1106 ab
1679 1071 1897 1118 aequalibus
1939 1072 2087 1119 percipi
2124 1083 2197 1120 po-

133 1146 283 1181 tuisset.
337 1145 502 1181 Avaritia
528 1144 601 1180 fuit
627 1144 789 1180 habendi
816 1144 1003 1191 cupiditas
1031 1143 1130 1178 iusto
1157 1142 1286 1187 maior,
1313 1143 1404 1186 sive,
1432 1146 1475 1177 ut
1502 1142 1705 1178 Sallustius
1734 1143 1825 1179 dicit
1850 1143 1960 1180 Catil.
1983 1155 2014 1180 c.
2037 1144 2099 1190 11,
2126 1155 2196 1193 pe-

137 1217 269 1254 cuniae
295 1217 483 1262 studium;
519 1230 617 1265 quae
645 1217 797 1264 quidem
825 1216 977 1251 avaritia
1005 1219 1046 1250 ut
1073 1216 1210 1250 cecidit
1237 1216 1274 1250 in
1301 1217 1427 1262 priora
1448 1216 1699 1252 Romanorum
1726 1219 1897 1263 tempora
1924 1217 1979 1253 sic
2006 1217 2097 1253 satis
2124 1217 2196 1253 iam

137 1294 329 1339 corrupta,
356 1292 424 1336 ita,
452 1290 766 1338 quemadmodum
794 1288 995 1325 Sallustius
1021 1287 1108 1335 plus
1126 1299 1212 1324 =uno
1239 1287 1339 1333 loco,
1375 1291 1419 1324 ut
1445 1288 1556 1324 Catil.
1582 1300 1617 1325 c.
1642 1288 1685 1334 5,
1713 1289 1915 1337 siguificat,
1941 1285 2027 1327 cum
2049 1289 2198 1326 luxuria

138 1365 178 1398 et
204 1362 426 1410 profusione
453 1366 536 1399 erat
563 1363 772 1399 coniuncta.

225 1473 685 1540 Aululariae
726 1482 997 1538 nomine
1034 1490 1256 1537 utrum
1296 1503 1331 1537 a
1368 1485 1622 1539 Plauto
1659 1486 1817 1555 ipso
1866 1486 2107 1538 fabula

712 1582 1064 1652 inscripta
1101 1580 1341 1648 fuerit,
1379 1599 1502 1634 nec
1538 1601 1636 1635 ne.

245 1694 356 1743 Quod
385 1696 417 1733 si
444 1694 516 1734 iam
544 1696 592 1734 de
618 1695 749 1742 titulo,
780 1710 889 1745 quem
917 1697 1043 1734 fabula
1070 1697 1204 1742 habet,
1242 1697 1326 1745 ipso
1353 1697 1598 1745 inquirimus,
1634 1710 1759 1745 neque
1789 1709 1859 1735 una
1885 1709 2010 1746 neque
2037 1700 2201 1737 leviores

141 1779 184 1804 se
210 1768 318 1805 nobis
348 1774 547 1818 opponunt
574 1769 830 1806 difficultates.
885 1768 1136 1806 Aululariam
1164 1781 1238 1805 non
1267 1780 1287 1804 a
1304 1768 1439 1804 Plauto
1466 1769 1551 1817 ipso
1578 1762 1731 1805 inscribi
1757 1771 1931 1818 potuisse
1957 1772 2200 1817 comoediam,

139 1840 356 1878 doctissime
391 1853 514 1891 nuper
548 1844 709 1890 probare
744 1847 897 1879 conatus
928 1847 1008 1886 est,
1048 1852 1157 1888 quem
1185 1846 1307 1877 morte
1336 1843 1408 1877 iam
1435 1840 1619 1878 Plautinis
1647 1842 1781 1878 studiis
1811 1847 1985 1891 ereptum
2013 1845 2199 1889 dolemus,

139 1912 297 1950 Rostius
328 1913 552 1963 Lipsiensis,
580 1914 651 1952 Vir
678 1915 726 1952 de
754 1915 877 1952 Plauti
906 1916 1218 1963 interpretatione
1246 1916 1400 1961 egregie
1427 1916 1597 1958 meritus,
1625 1916 1663 1952 in
1690 1916 1835 1959 libello,
1868 1929 1977 1962 quem
2005 1904 2109 1952 brevi
2136 1929 2200 1953 an-

142 1991 294 2033 tequam
321 1990 493 2023 mortuus
522 1990 600 2032 est,
636 1987 687 2023 de
713 1987 988 2022 Plautinarum
1005 1986 1238 2034 fabularum
1268 1987 1396 2022 titulis
1424 1987 1587 2035 scripsit.
1605 1985 1645 2034 ²⁸¹)
1700 1987 1940 2036 Argumentis
1969 1988 2115 2024 duobus
2143 1988 2201 2024 ni-

140 2049 245 2094 titur.
299 2059 442 2095 Mirum
470 2060 570 2095 enim
599 2071 708 2103 esse,
745 2059 848 2105 quod
876 2060 1129 2095 diminutivam
1160 2059 1314 2093 formam
1344 2062 1496 2095 secutus
1524 2059 1680 2095 Plautus
1707 2059 1857 2096 finxerit
1885 2072 2019 2096 nomeu
2045 2059 2201 2096 Aulula-

142 2130 242 2181 ⁸q'ae,
278 2142 361 2166 cum
398 2132 437 2168 in
472 2130 598 2167 fabula
632 2131 714 2179 ipsa
743 2131 833 2177 (vid.
862 2131 901 2175 4,
929 2130 968 2174 2,
996 2132 1033 2167 4.
1063 2134 1101 2167 et
1127 2130 1175 2174 73
1229 2131 1268 2174 2,
1295 2130 1334 2174 8,
1362 2130 1425 2167 20.
1454 2135 1492 2167 et
1519 2129 1603 2182 22.)
1632 2136 1946 2169 commemoretur
1974 2132 2089 2177 aula,
2126 2144 2199 2168 non

144 2202 279 2239 aulula.
316 2202 477 2247 Deinde,
506 2204 607 2249 quod
621 2204 780 2239 alterum
792 2207 849 2238 est
860 2202 1266 2250 argumentumRostii,
1291 2203 1429 2249 siquae
1440 2203 1798 2251 fabulaAulularia,
1826 2204 2085 2249 Mostellaria,
2110 2203 2203 2240 Αεῐ-

144 2275 258 2312 naria
284 2275 489 2322 diceretur,
517 2288 602 2313 cum
629 2276 811 2313 eiusmodi
838 2276 1044 2313 foeminino
1072 2277 1221 2313 nomine
1240 2277 1432 2314 comoedia
1449 2277 1737 2326 significaretur,
1765 2290 1839 2315 non
1861 2279 1931 2314 um·
1948 2278 2094 2314 fabulae
2110 2288 2200 2325 pro·

145 2350 268 2397 prium
287 2349 395 2397 quasi
414 2361 550 2386 nomen
570 2350 728 2385 inditum
750 2361 849 2394 esse,
877 2350 945 2385 sed
964 2349 1122 2386 classem
1140 2349 1252 2386 modo
1277 2349 1442 2395 indicari,
1470 2350 1531 2387 cui
1554 2349 1828 2388 adnumeranda
1851 2354 1954 2388 esset
1972 2351 2042 2387 ista
2066 2349 2203 2386 fabula.

145 2421 223 2459 Sed
241 2426 283 2458 ut
301 2422 438 2459 clarior
454 2424 504 2459 sit
524 2424 716 2470 posterior
742 2423 980 2470 potissimum
1008 2423 1208 2467 sententia,
1236 2434 1427 2470 apponere
1454 2422 1565 2458 liceat
1590 2423 1673 2470 ipsa
1698 2422 1823 2459 Rostii
1850 2423 1977 2467 verba,
2005 2433 2101 2469 quae
2127 2421 2203 2457 huc

145 2492 298 2533 faciunt.
353 2494 454 2532 Dicit
487 2494 553 2532 ille
587 2506 674 2544 pag.
702 2495 741 2532 8.
769 2495 847 2532 sic:
903 2494 1017 2541 „Est
1041 2515 1095 2523 —
1124 2495 1288 2533 omnium
1315 2495 1582 2532 adiectivorum
1610 2508 1655 2532 ea
1681 2496 1758 2541 vis,
1792 2500 1834 2533 ut
1860 2496 2030 2539 nomina,
2068 2493 2202 2541 quibus

148 2567 433 2616 „applicantur,
460 2568 742 2616 angustioribus
770 2568 910 2603 finibus
938 2569 1246 2605 circumscribant
1273 2572 1312 2604 et
1339 2580 1410 2616 pro
1439 2569 1538 2605 notis
1565 2568 1724 2614 valeant,
1755 2569 1889 2616 quibus
1917 2576 1980 2604 res
2006 2566 2116 2602 unius
2136 2575 2203 2613 ge-

150 2639 288 2685 „ueris
313 2640 412 2677 inter
437 2652 480 2677 se
507 2640 687 2677 differunt
714 2643 753 2676 et
771 2631 1074 2690 ‘distinguuntun
1130 2642 1249 2688 Quam
1287 2641 1438 2689 quidem
1465 2640 1680 2678 facultatem
1707 2640 1804 2679 istae
1830 2639 2095 2678 attributiones
2123 2640 2202 2674 tum

148 2712 334 2758 „demum
360 2713 500 2752 habere
525 2717 698 2764 possunt,
734 2714 767 2750 si
794 2715 865 2760 rei,
903 2715 952 2752 de
980 2726 1053 2763 qua
1080 2715 1215 2764 agitur,
1251 2714 1392 2752 classes
1420 2715 1663 2761 constituunt,
1697 2726 1823 2764 neque
1849 2725 1942 2754 vero
1967 2712 2033 2750 uni
2059 2713 2098 2748 et
2124 2710 2202 2747 slu-

191 2896 221 2935 ')
242 2895 462 2930 Reatinorum
482 2898 683 2940 mediorum
706 2902 757 2931 est
770 2899 930 2939 set-culum
952 2899 1232 2933 duodevicesimam
1253 2900 1304 2934 σᾶ.
1326 2901 1420 2933 183³.
