2360 3050
143 218 237 258 203.
268 220 309 256 et
334 215 558 255 contradicit
581 212 814 260 Niebnhrio,
850 213 915 262 qui
941 212 990 252 de
1015 212 1134 262 priori
1164 213 1238 251 isto
1264 212 1548 262 supplemento,
1593 215 1702 253 cuius
1728 217 1919 255 auctorem
1947 217 2134 257 nescimus
2153 216 2210 269 *),

145 293 199 330 ita
233 291 383 337 statuit,
419 292 462 327 ut
497 288 572 338 ipsi
605 287 690 326 fere
714 286 931 325 Plautinum
964 286 1147 324 videatur.
1201 285 1244 325 ln
1279 287 1496 326 universum
1530 286 1764 329 Ritschelius
1783 287 1844 342 **)
1881 293 2212 341 persuasissimum

145 365 218 401 sibi
245 376 334 401 esse
357 363 469 408 dicit,
506 373 700 399 scenarum
724 362 904 405 istarum,
935 371 1181 409 quaecunque
1205 360 1380 398 feruntur
1405 361 1651 410 suppositae,
1687 366 1845 413 excepta
1870 364 1959 411 illa,
1994 377 2092 414 quae
2117 365 2208 404 inde

147 449 170 475 a
197 437 413 481 camerario
441 435 594 473 demum
621 435 670 472 ad
696 434 810 471 finem
836 433 995 471 Poenuli
1020 437 1198 482 tanquam
1220 435 1421 484 supposita
1446 434 1654 480 adiiciatur,
1684 437 1828 486 quippe
1854 449 1965 486 quam
1990 437 2117 477 Plauti
2142 450 2210 477 ve-
2258 454 2261 456 >

147 522 192 548 re
219 522 308 548 esse
334 509 419 559 ipse
445 508 599 555 iudicat,
626 507 767 545 nul-lam
793 507 945 545 omnino
971 519 994 545 a
1021 506 1157 546 Plauto
1182 507 1418 558 profectam,
1444 508 1559 545 immo
1590 508 1637 546 ad
1664 521 1779 548 unum
1808 522 1938 549 omnes
1966 512 2065 550 circa
2089 512 2211 550 medi-

147 595 209 620 um
237 583 429 632 finemque
455 581 605 619 demum
632 580 769 618 decimi
796 580 918 630 quinti
944 580 1086 619 saeculi
1112 581 1341 631 compositas
1370 581 1618 631 subditasque
1645 594 1745 621 esse.
1798 582 1858 621 De
1885 597 1960 632 qua
1987 585 2142 633 quidem
2166 597 2212 623 re

148 657 290 694 certius
318 656 498 692 iudicium
526 654 560 690 si
586 665 705 703 penes
734 665 946 702 quenquam
983 665 1073 690 esse
1107 657 1262 703 potest,
1295 655 1330 691 is
1364 657 1470 692 certo
1507 657 1567 692 est
1603 654 1670 693 illc
1695 654 1766 693 Vir
1802 655 2063 704 doctissimus,
2101 669 2213 707 quem

148 740 240 767 vere
273 727 483 765 mirabilem
515 726 773 765 assiduitatem
808 730 924 774 atque
950 726 1181 776 diligentiam
1208 730 1248 764 et
1273 738 1454 764 summam
1482 728 1728 766 subtilitatem
1755 729 1795 766 in
1822 729 1948 766 studia
1974 729 2070 767 haec
2095 729 2212 768 Plau-

149 803 231 840 tina
257 800 478 839 adhibuisse
504 801 578 838 iam
604 799 817 837 luculenter
843 802 1042 846 testantur,
1070 811 1166 848 quae
1191 799 1391 848 hucusque
1417 801 1462 837 ab
1490 812 1537 837 eo
1564 801 1613 838 de
1639 801 1775 839 Plauto
1802 807 1890 839 sunt
1912 805 2081 839 tractata.
2124 802 2212 841 Hoc

121 902 134 911 .
149 875 347 921 neminem,
375 876 483 923 puto,
508 872 647 924 fugiet,
676 884 887 922 quanquam
914 873 987 911 ista
1014 873 1278 923 supplementa
1304 874 1446 923 passim
1472 885 1548 911 non
1574 875 1727 923 penitus
1754 874 1875 914 aliena
1901 878 1990 912 sunt
2016 887 2039 912 a
2062 874 2210 913 Plauti·

148 959 200 985 no
219 959 394 985 sermone
411 951 451 984 et
470 947 638 996 ingenio,
664 946 825 996 plurima
840 949 965 983 tamen
982 946 1021 982 in
1038 946 1086 983 iis
1103 957 1190 983 esse
1213 946 1425 993 absurdius,
1450 946 1624 996 frigidius
1646 947 1904 996 insulsiusque
1930 948 2044 994 dicta,
2067 950 2111 985 ut
2135 959 2212 986 non

150 1021 273 1058 dicam
307 1020 359 1058 de
384 1020 480 1056 mira
505 1019 580 1057 ista
604 1021 815 1056 metrorum
841 1020 1114 1066 perversitate;
1167 1030 1348 1055 summam
1375 1020 1553 1057 duritiem
1580 1022 1621 1057 et
1645 1019 1971 1056 inconcinnitatem
1998 1019 2212 1069 deprehen·

148 1092 273 1131 dimus
308 1093 546 1142 potissimum
583 1091 622 1129 in
650 1090 808 1128 senariis
836 1090 954 1127 Codri
981 1093 1021 1128 et
1047 1089 1217 1141 graviora
1243 1091 1354 1137 vitia,
1390 1092 1524 1141 quibus
1550 1093 1591 1131 in
1616 1095 1811 1131 accentum
1836 1092 2100 1132 vocabulorum
2125 1091 2212 1142 phi·

150 1166 301 1215 Iologus
327 1166 402 1203 iste
429 1164 573 1202 saeculi
599 1164 739 1201 decimi
767 1163 890 1212 quinti
918 1175 1194 1212 saepenumero
1221 1165 1404 1213 peccavit.

257 1257 335 1296 Sed
363 1268 589 1306 quamquam
614 1256 838 1305 imperfecta
863 1257 972 1294 nobis
1000 1259 1061 1294 est
1084 1256 1219 1295 relicta
1244 1256 1449 1304 Aulularia,
1474 1260 1601 1296 tamen
1628 1259 1693 1308 qni
1721 1259 1804 1297 eius
1829 1258 1949 1298 fuerit
1974 1257 2110 1306 exitus,
2135 1269 2213 1298 non

148 1330 257 1369 latet.
309 1330 370 1369 De
395 1329 500 1367 exitu
526 1329 709 1367 docemur
734 1329 870 1365 ultimo
894 1340 1009 1366 versu
1036 1330 1260 1379 argumenti,
1289 1330 1390 1378 quod
1418 1333 1478 1368 est
1506 1323 1751 1382 ἆκρόςιχονε

668 1400 728 1440 Ab
745 1413 793 1439 eo
810 1399 1032 1451 (Euclione)
1050 1402 1210 1439 donatur
1227 1402 1482 1451 (Lyconides)
1502 1415 1608 1449 auro,
1624 1414 1741 1440 uxore
1761 1405 1800 1440 et
1818 1403 1916 1440 filio.

152 1475 266 1515 Unde
290 1476 483 1521 videmus,
509 1474 702 1523 Lyconidi
730 1474 940 1523 contigisse
966 1474 1128 1520 tandem,
1156 1478 1200 1510 nt
1225 1487 1431 1531 sponsam,
1456 1476 1654 1512 Euclionis
1680 1476 1811 1520 filiam,
1837 1476 2031 1523 acciperet
2055 1486 2212 1514 uxor-

149 1548 343 1598 aimulque
376 1558 509 1587 aurum
546 1546 627 1585 sive
662 1545 784 1584 aulam
818 1545 922 1593 auri,
963 1545 1067 1595 quod
1099 1543 1202 1584 haud
1235 1545 1349 1585 dubie
1373 1546 1511 1584 Euclio
1548 1560 1617 1585 sua
1651 1551 1788 1596 sponte
1813 1547 1944 1584 futuro
1971 1560 2114 1597 genero
2141 1560 2213 1585 suo

150 1622 373 1664 committit3
417 1621 579 1656 animum
606 1619 771 1655 celerius
798 1629 916 1655 senex
940 1621 1107 1653 mutasse
1133 1617 1295 1664 videtur,
1321 1618 1484 1656 similem
1507 1618 1593 1657 fere
1618 1619 1658 1657 in
1683 1617 1848 1666 modum,
1874 1620 1989 1669 atque
2007 1618 2110 1671 apud
2127 1618 2215 1660 Te-

149 1694 316 1733 rentium
342 1694 382 1732 in
405 1692 589 1742 Adelphis
616 1692 719 1729 iusto
747 1693 862 1729 etiam
888 1691 1000 1729 citius
1022 1691 1202 1728 Demeam
1229 1702 1371 1736 senem,
1398 1692 1620 1728 morositate
1645 1691 1804 1738 abiecta,
1829 1691 2018 1729 mitiorem
2046 1692 2212 1731 evasisse

151 1765 308 1805 dixeris.

560 1878 658 1934 De
694 1876 973 1933 actibus
1011 1881 1080 1930 et
1116 1876 1348 1931 scenis
1384 1877 1813 1931 Aululariae.

259 1993 361 2040 Sed,
388 1996 433 2031 ut
455 1994 615 2044 propius
641 1994 715 2033 iam
741 1993 789 2032 ad
815 1992 1047 2032 Aululariam
1073 1992 1294 2032 accedamus
1311 2021 1324 2041 ,
1359 1992 1489 2044 paucis
1516 1992 1726 2032 docendum
1751 1991 1923 2040 videtur,
1960 1994 2148 2042 quomodo
2174 1994 2215 2033 in

152 2071 260 2106 actus
296 2072 336 2105 et
370 2079 503 2105 scenas
537 2067 664 2106 fabula
700 2068 753 2105 sit
786 2067 1006 2104 dirimenda.
1059 2066 1103 2104 In
1135 2067 1241 2103 libris
1268 2066 1382 2104 MSS.
1409 2077 1534 2116 neque
1561 2077 1697 2105 scenae
1721 2077 1849 2115 neque
1873 2068 1980 2104 actus
2006 2065 2214 2105 fabularum

153 2144 359 2185 notantur3
394 2144 523 2189 partes
550 2144 697 2178 tantum
722 2153 745 2178 a
770 2140 938 2188 partibus
959 2142 1000 2176 et
1016 2139 1089 2175 alia
1108 2140 1153 2175 ab
1173 2140 1255 2175 aliis
1282 2139 1563 2189 distinguuntur
1587 2138 1797 2177 nominibus
1824 2149 2070 2188 personarum
2098 2149 2214 2189 super

153 2212 321 2264 singulas
354 2224 488 2252 scenas
524 2213 708 2263 signatis,
743 2216 789 2251 ut
826 2216 974 2261 pateat,
1009 2212 1056 2250 ab
1092 2212 1299 2250 editoribus
1337 2212 1509 2257 demum,
1545 2213 1610 2260 qui
1643 2212 1758 2261 vulgo
1784 2224 1884 2249 nunc
1909 2212 2105 2257 dicuntur,
2143 2213 2212 2249 sub

153 2284 270 2323 finem
296 2285 411 2323 medii
437 2286 522 2324 aevi
547 2286 661 2324 istam
687 2285 990 2332 distinctionem,
1026 2296 1100 2333 qua
1125 2296 1198 2335 per
1223 2287 1328 2323 actus
1356 2287 1396 2323 et
1422 2296 1552 2323 scenas
1579 2283 1750 2337 singulae
1775 2283 1923 2322 fabulae
1949 2285 2213 2333 disponuntur,

156 2361 280 2394 ortam
315 2369 414 2395 esse.
469 2358 556 2406 Quo
597 2361 725 2396 autem
758 2361 933 2407 tempore
967 2357 1067 2408 apud
1091 2356 1266 2395 Plautum
1299 2356 1338 2396 iu
1366 2356 1478 2404 ,libris
1512 2356 1615 2407 typis
1651 2355 1849 2407 exscriptis
1875 2355 2081 2394 fabularum
2106 2359 2214 2396 actus

155 2429 281 2467 notari
309 2430 437 2480 coepti
464 2431 563 2479 sint,
596 2429 832 2469 Ritschelius
866 2430 981 2468 docet
1014 2430 1063 2468 ad
1087 2431 1262 2468 Bacchid.
1297 2429 1357 2468 ed.
1390 2430 1475 2468 mai.
1510 2442 1597 2480 pag.
1631 2430 1671 2468 9.
1723 2429 1818 2467 Eius
1843 2428 1957 2467 verba
1983 2419 2070 2467 sunt
2094 2430 2211 2468 haec:

157 2503 353 2550 „Actibus
379 2502 576 2542 Plautinas
601 2503 749 2542 fabulas
776 2502 980 2554 dispositas
1005 2514 1081 2541 non
1106 2506 1195 2542 ante
1219 2501 1404 2542 Venetam
1429 2515 1463 2541 a.
1489 2487 1606 2540 1511.
1629 2502 1863 2552 reperimus,
1895 2501 1964 2540 sed
1989 2501 2029 2540 in
2056 2514 2129 2551 qua
2153 2506 2214 2541 tot

159 2578 298 2621 „actus
325 2578 595 2623 numerentur,
622 2579 718 2626 quot
743 2579 835 2614 sunt
860 2587 1019 2623 scenae,
1045 2574 1183 2614 XXIII.
1208 2576 1326 2626 igitur
1350 2576 1391 2615 in
1416 2575 1677 2614 Bacchidibus.
1727 2574 1892 2613 Fallitur
1917 2574 2017 2612 enim
2041 2574 2212 2614 Niebuh-

159 2649 274 2693 „rius
302 2660 434 2698 opusc.
460 2649 597 2687 histor.
626 2651 667 2687 et
690 2648 823 2700 philol.
847 2660 936 2701 pag.
954 2648 1045 2688 176.
1098 2649 1202 2699 Quos
1227 2659 1299 2689 nos
1325 2648 1442 2689 hodie
1466 2651 1575 2688 actus
1601 2646 1847 2699 appellamus,
1872 2636 2016 2698 primus
2042 2647 2081 2687 in
2107 2659 2212 2687 com-

199 2801 231 2842 0)
254 2801 325 2833 vid.
357 2810 443 2842 quac
463 2800 615 2834 Niebuhr.
646 2802 773 2844 scripsit
793 2801 825 2835 in
848 2801 1106 2843 commentariis,
1136 2802 1189 2843 qni
1209 2801 1438 2835 flammantur:
1481 2799 1737 2842 Abhandlungen
1758 2800 1816 2834 der
1836 2798 1946 2834 histor.
1966 2798 2073 2843 philol.
2097 2800 2212 2836 olaus

304 2853 362 2886 der
383 2853 501 2895 Konigl
534 2854 653 2887 Berlin.
677 2854 828 2888 Aeadem.
850 2854 909 2888 der
929 2853 1122 2888 wia-emh.
1143 2864 1204 2888 aus
1224 2854 1289 2889 den
1307 2853 1427 2888 Jabren
1451 2856 1533 2888 1816
1553 2854 1620 2888 und
1641 2856 1737 2894 1811,
1758 2853 1867 2887 Berlin
1889 2855 1972 2887 1829
1990 2862 2065 2895 pag.
2086 2855 2161 2886 27⁷.

199 2914 247 2956 ”)
272 2915 340 2948 Vid.
362 2915 447 2949 una.
468 2915 574 2951 Rhea.
595 2926 670 2959 pag.
693 2919 765 2950 188.
