2360 3050
152 194 251 232 «μοι
276 180 376 219 infra
401 182 451 218 de
478 184 606 230 etymo
632 181 748 218 huius
775 182 935 219 nominis
961 185 1237 232 proponentur.
1281 184 1473 230 Concedo,
1497 186 1686 226 eiusmodi
1713 192 2024 234 consuetudinem
2048 201 2124 240 non
2144 211 2211 244 ιι..

149 256 271 307 periri
296 255 396 305 apud
424 256 605 300 Graecos,
633 267 759 303 neque
785 257 824 293 in
852 256 1077 293 Terentium
1105 258 1256 303 cadere,
1298 260 1512 307 politiorem
1540 262 1686 299 scilicet
1711 250 1896 303 comicum
1921 272 2035 317 atque
2061 274 2211 314 urbani.

150 340 282 375 orem,
316 333 356 366 et
388 328 535 366 altioris
563 333 738 376 tanquam
766 329 862 374 loci3
917 329 1092 367 Terentii
1119 332 1340 368 comoediae
1367 336 1409 369 ut
1434 333 1547 382 vulgo
1574 334 1779 383 inscriptae
1805 338 1845 374 in
1873 340 1982 378 codd.
2009 343 2123 383 MSS.
2151 346 2211 387 in·

150 404 373 446 veniuntur,
410 403 465 439 ita
499 406 684 451 perpetua
718 405 891 450 tanquam
927 403 1013 453 lege
1051 416 1204 452 unoque
1240 417 1424 443 consensu
1460 406 1661 444 laudantur
1684 411 1801 457 atque
1827 422 2164 457 commemorantur
2187 432 2212 461 ι

151 476 405 526 grammaticis
433 476 594 522 aliisque
622 476 896 523 scriptoribus;
947 477 1047 523 quod
1076 478 1177 514 unde
1203 478 1345 514 factum
1373 480 1435 524 sit,
1462 484 1596 527 postea
1622 481 1843 519 videbimus.
1898 485 2043 534 ltaque,
2072 493 2113 526 ut
2137 491 2211 530 ian

144 551 292 596 monui,
322 549 422 599 quod
450 549 670 586 diminutive
696 548 822 586 fabula
850 552 910 586 est
937 551 1135 596 nominata,
1175 563 1221 589 ex
1248 563 1294 589 eo
1321 565 1393 601 per
1419 565 1462 591 se
1488 554 1541 590 nil
1570 557 1641 599 est,
1670 556 1770 603 quod
1799 557 2040 605 improbanda
2056 566 2210 610 putetur

146 625 245 664 haec
279 623 474 673 inscriptio
510 622 679 660 fabulae:
727 622 955 662 Aulularia.
1008 623 1206 675 Inscriptio
1241 630 1326 664 nata
1362 630 1422 665 est
1456 639 1502 665 ex
1529 628 1801 668 consuetudine
1827 642 1850 668 a
1875 629 2051 671 Romanis
2077 646 2209 686 saepe.

150 709 308 737 numero
336 699 496 739 servata,
524 697 561 731 in
589 696 711 731 titulis
739 696 1018 733 comoediarum
1046 699 1230 746 sequendi
1256 699 1411 736 sormam
1438 700 1702 738 diminutivum.

257 772 334 809 Sed
363 775 405 807 ut
431 777 664 807 transeamus
694 772 739 807 ad
768 772 921 807 alteram
951 784 1121 816 causam,
1151 786 1223 820 qna
1251 775 1477 810 Aululariam
1506 787 1581 810 non
1608 776 1683 811 hoc
1709 776 1821 811 modo
1850 788 1871 812 a
1897 776 2031 814 Plauto
2057 779 2209 819 inscribi

149 847 323 897 potuisse
351 845 586 881 demonstrat
613 843 783 880 Rostius.
821 843 962 881 Verum
991 850 1050 881 est
1077 847 1315 893 sagacissime
1333 848 1560 895 disputatum
1579 860 1666 884 esse
1688 861 1709 885 a
1728 847 1820 884 Viro
1841 849 2072 895 Clarissimo,
2098 853 2208 890 etiam

148 920 216 965 ita,
244 921 287 956 ut
313 917 396 966 ipsa
425 916 658 953 Graecorum
687 916 888 964 antiquitas
916 918 952 954 ei
980 918 1224 966 suffragetur.
1279 919 1419 957 Omnes
1446 921 1544 957 enim
1573 920 1804 957 Graecorum
1832 921 2069 967 comoediae,
2097 928 2206 971 qnot-

148 996 244 1043 quot
269 994 371 1036 sunt,
399 988 622 1037 simpliciter
649 989 789 1026 habent
815 990 947 1027 titulos
976 994 1041 1027 aut
1067 1003 1193 1037 unum,
1222 992 1334 1029 sicuti
1361 992 1585 1041 plerumque
1614 996 1686 1037 est,
1714 996 1777 1029 aut
1804 993 1913 1039 duos,
1943 994 2100 1032 alterum
2125 996 2209 1034 fere

149 1078 172 1104 e
198 1066 313 1102 rebus
341 1062 520 1111 mythicis
548 1062 723 1109 petitum,
751 1062 922 1106 alterum,
951 1067 994 1098 ut
1022 1064 1156 1110 loquar
1183 1076 1266 1100 cum
1295 1066 1561 1112 grammaticis,
1597 1065 1876 1113 appellativum,
1913 1077 2121 1114 quanquam
2150 1068 2208 1105 in·

142 1137 295 1177 terdum
332 1135 441 1173 ambo
476 1137 566 1171 sunt
601 1134 844 1184 appellativi3
900 1135 966 1172 sed
1005 1148 1191 1184 nunquam
1220 1137 1371 1182 titulus,
1413 1149 1459 1174 ex
1485 1137 1670 1174 adiectivo
1699 1140 1805 1174 natus
1832 1138 1884 1174 ita
1913 1138 2011 1187 apud
2041 1139 2209 1178 Graecos

146 1212 406 1262 praeponitur,
435 1213 477 1244 ut
507 1210 684 1245 omissum
715 1209 765 1244 sit
791 1219 928 1244 nomen
948 1206 1176 1258 Κω,ιιῳὸιέιἸ
1204 1212 1260 1246 uti
1281 1210 1473 1246 Aulularia
1499 1211 1657 1257 cogitari
1684 1222 1757 1247 non
1785 1214 1929 1257 potest,
1957 1211 2029 1246 nisi
2056 1222 2207 1249 comoe-

145 1284 244 1324 diam
280 1282 342 1321 vel
379 1280 542 1319 fabulam
578 1279 826 1318 intellexeris.
880 1280 932 1318 Et
960 1280 1013 1318 ita
1041 1281 1141 1330 apud
1168 1281 1359 1320 Romanos
1386 1281 1526 1320 factum
1554 1286 1613 1320 est
1640 1283 1751 1320 etiam
1779 1283 1827 1320 de
1854 1283 2059 1332 tragoedia.
2112 1283 2208 1321 Tra-

145 1357 306 1408 goedias
332 1354 590 1392 Romanorum
625 1352 850 1403 simpliciter
881 1353 1137 1391 inscribuntur
1163 1355 1334 1402 nomine,
1371 1366 1445 1404 quo
1473 1354 1642 1405 singulae
1669 1368 1690 1394 a
1717 1355 1876 1405 singulis
1902 1355 2208 1405 distinguunturg

144 1432 184 1466 in
219 1431 266 1464 iis
301 1440 350 1463 ne
386 1429 462 1461 duo
491 1427 642 1472 quidem
670 1426 773 1460 tituli
801 1427 840 1460 in
867 1438 937 1461 usu
964 1427 1085 1461 fuisse
1113 1428 1309 1471 videntur,
1347 1428 1420 1463 nisi
1446 1428 1660 1472 rarissime,
1696 1431 1740 1462 ut
1767 1428 1811 1464 L.
1840 1428 1965 1464 Attius
1994 1427 2086 1471 (vid.
2113 1430 2208 1478 trag.

142 1502 280 1550 ftagm.
308 1500 441 1536 Bothii
468 1511 554 1545 pag.
583 1496 690 1543 161.)
718 1498 914 1535 Aeneadas
942 1500 1002 1534 vel
1030 1499 1197 1544 Decium,
1226 1504 1266 1535 et
1293 1499 1507 1546 Tropaeum
1534 1501 1594 1536 vel
1612 1501 1814 1537 Stasiastas
1843 1499 1947 1549 (pag.
1973 1499 2085 1547 248.)
2114 1501 2210 1537 scri·

144 1575 234 1624 psit.
288 1571 426 1619 Neque
462 1581 627 1617 uuquam
656 1569 831 1608 Terentii
868 1582 936 1607 sex
970 1570 1115 1607 fabulas
1152 1571 1224 1607 alia
1250 1572 1431 1608 habuisse
1457 1573 1626 1617 nomina,
1664 1585 1772 1619 quam
1802 1584 1899 1619 quae
1925 1583 2024 1609 nunc
2050 1575 2212 1618 exstant,
2240 1558 2243 1561 .

143 1648 253 1698 patet
289 1656 336 1683 ex
372 1643 699 1694 grammaticorum
734 1642 970 1692 aliorumque
998 1643 1113 1690 locis,
1156 1644 1290 1691 quibus
1318 1645 1415 1682 istae
1441 1644 1591 1682 fabulae
1617 1645 1692 1682 illis
1720 1648 1862 1682 tantum
1889 1645 2111 1683 nominibus*
2128 1644 2209 1684 lau-

137 1719 293 1758 dantur.
320 1716 432 1765 Quod
442 1716 897 1753 Heautontimorumenon
916 1716 1065 1764 quidam
1084 1716 1214 1753 nescio
1231 1727 1306 1764 quo
1326 1716 1410 1753 loco
1422 1717 1576 1765 scripsit
1587 1717 1815 1753 nominatum
1824 1727 1911 1753 esse
1923 1715 1977 1754 Se
1987 1717 2111 1766 ipsum
2121 1710 2210 1754 oni·

140 1794 323 1838 dantem,
351 1790 400 1826 de
416 1801 463 1826 eo
479 1793 584 1825 tanto
598 1789 717 1838 magis
732 1789 975 1825 dubitandum
990 1790 1153 1834 videtur,
1181 1801 1266 1826 cum
1277 1790 1414 1826 Cicero
1427 1788 1583 1826 Tuscul.
1595 1788 1633 1834 3,
1644 1789 1707 1826 27.
1717 1792 1865 1826 moneat
1879 1791 2019 1826 tantum
2035 1789 2209 1838 potuisse

143 1866 334 1904 Graecum
362 1863 458 1899 illud
486 1874 623 1898 nomen
651 1862 768 1897 latine
794 1863 890 1897 verti
920 1860 974 1897 Se
1000 1862 1124 1910 ipsum
1147 1863 1392 1910 poenientem
1420 1862 1522 1911 (add.
1549 1862 1685 1898 Horat.
1713 1861 1825 1897 Satir.
1853 1861 1891 1907 1,
1918 1862 1959 1907 2,
1985 1859 2081 1912 20.)
2134 1860 2211 1899 Ista

140 1942 269 1978 autem
295 1936 470 1981 nomina,
508 1935 644 1984 quibus
680 1935 873 1983 inscripsit
901 1934 1105 1972 Terentius
1133 1935 1345 1972 comoedias
1372 1948 1480 1981 suas,
1516 1936 1562 1972 ad
1589 1947 1704 1972 unum
1732 1935 1852 1972 omnia
1879 1935 2021 1983 optime
2046 1945 2207 1983 respon-

140 2012 234 2051 dent
269 2011 504 2049 Graecorum
549 2008 606 2045 illi
651 2007 916 2045 consuetudini
963 2007 1126 2056 legique.
1196 2007 1332 2056 Neque
1378 2008 1418 2045 id
1451 2008 1586 2046 mirum
1619 2008 1803 2045 videatur.
1866 2005 2072 2045 Terentius
2108 2005 2207 2045 euim

143 2085 293 2123 doctior
320 2087 383 2127 et,
411 2086 454 2119 ut
480 2083 533 2118 ita
559 2081 700 2125 dicam,
737 2081 948 2128 elegantior
973 2082 1163 2126 comicus,
1198 2081 1264 2128 qui
1291 2093 1422 2128 parum
1449 2081 1496 2117 ad
1522 2081 1624 2130 vulgi
1652 2080 1843 2129 ingenium
1870 2079 2124 2116 descendebat
2149 2080 2208 2116 at·

137 2161 219 2206 ‘qne
244 2155 508 2199 nobilioribus,
537 2155 603 2202 qui
614 2154 846 2191 Graecorum
866 2154 996 2191 literas
1015 2158 1192 2201 artesque
1212 2154 1477 2201 sequebantur,
1503 2154 1656 2202 placere
1683 2153 1856 2198 malebat,
1885 2164 1997 2200 quam
2024 2150 2140 2200 plebi,
2167 2152 2208 2187 et

142 2231 252 2270 cuius
287 2229 365 2267 vita
398 2227 559 2278 propius
595 2227 707 2264 etiam
735 2226 939 2265 accedebat
974 2227 1021 2265 ad
1049 2230 1233 2273 aetatem,
1270 2238 1340 2276 qua
1368 2227 1407 2264 in
1433 2227 1648 2265 universum
1675 2227 1821 2265 Graeca
1847 2217 1964 2275 magis
1990 2223 2208 2262 amabantur

141 2305 211 2354 (cf.
239 2303 353 2341 Osan.
376 2303 471 2339 anal.
500 2314 551 2338 cr.
579 2313 666 2349 pag.
696 2299 827 2350 161.)‚
866 2302 972 2349 ipsos
1003 2302 1136 2337 titulos
1164 2302 1361 2349 imponens
1388 2302 1604 2349 diligentius
1633 2302 1864 2337 Graecorum
1898 2310 2043 2335 morem
2069 2307 2205 2345 respe-

140 2379 196 2416 xit
231 2380 272 2415 et
305 2388 391 2414 cum
426 2375 546 2424 ipsius
572 2373 723 2411 fabulae
749 2373 896 2419 minus,
932 2375 1023 2422 quin
1049 2375 1168 2411 multo
1195 2375 1339 2419 rarius,
1376 2386 1486 2422 quam
1513 2374 1661 2419 Plauti,
1698 2375 1736 2410 in
1764 2385 1912 2411 scenam
1940 2382 2064 2409 coram
2091 2368 2207 2417 vulgo

140 2451 351 2502 productae
373 2448 572 2486 videantur
591 2444 661 2497 (cf.
690 2446 831 2484 Osann.
849 2447 943 2484 anal.
959 2459 1012 2484 cr.
1041 2460 1126 2497 pag.
1154 2447 1275 2496 147),
1303 2448 1386 2497 ipsa
1411 2447 1585 2486 nimirum
1610 2446 1817 2485 fabularum
1843 2445 1995 2484 nomina
2018 2443 2140 2482 minus
2166 2440 2208 2479 in

143 2533 211 2562 ore
235 2523 341 2572 vulgi
368 2521 523 2558 suerunt
549 2532 675 2568 neque
702 2520 867 2569 graviori
894 2520 1089 2558 mutationi
1117 2520 1288 2557 obnoxia.

248 2596 335 2634 Alia
362 2598 425 2632 est
451 2606 540 2640 res,
577 2594 613 2631 si
639 2593 816 2630 Plautum
844 2594 1070 2642 respexeris.
1124 2593 1222 2639 Hic,
1255 2595 1299 2630 ut
1324 2592 1482 2631 historia
1508 2593 1566 2631 rei
1593 2593 1764 2630 scenicae
1790 2590 1892 2641 apud
1917 2588 2107 2627 Romanos
2132 2584 2204 2624 do·

0 2647 55 2725 (10
141 2673 221 2716 eet,
249 2672 429 2719 quantum
459 2668 613 2716 quidem
640 2669 826 2717 cognitam
854 2667 1057 2713 habemus,
1091 2678 1182 2704 vere
1209 2670 1249 2703 et
1275 2667 1431 2717 proprie
1457 2667 1496 2704 in
1522 2666 1667 2704 deliciis
1695 2665 1827 2715 populi
1853 2664 1946 2710 suit,
1981 2653 2208 2708 fabulaeque

141 2745 225 2783 eius
252 2742 565 2791 frequentissime
591 2741 630 2777 in
658 2752 806 2777 scenam
833 2741 1069 2790 prodierunt.
1122 2740 1177 2776 lta
1203 2740 1323 2777 fuisse
1350 2744 1539 2777 testantur
1564 2739 1713 2788 prologi
1741 2737 1970 2786 quarundam
1997 2733 2121 2771 Plauti
2147 2730 2205 2770 fa·

140 2818 326 2863 bularum,
356 2817 422 2865 qui
448 2815 510 2853 vel
538 2815 609 2852 toti
636 2815 696 2852 vel
724 2826 770 2852 ex
797 2818 905 2863 parte
933 2815 1148 2864 posteriore
1177 2813 1327 2850 demum
1355 2818 1479 2851 aetate
1505 2817 1593 2850 sunt
1620 2812 1820 2860 compositi
1842 2809 1936 2861 (vid.
1954 2809 2093 2846 Osann.
2110 2805 2204 2843 anal.

74 2885 83 2905 ¹
138 2902 227 2943 pag.
255 2888 390 2939 148.);
426 2888 478 2928 cf.
498 2888 656 2928 casinae
685 2887 783 2938 prol.
807 2899 882 2927 vss.
898 2885 1057 2935 5-15.‚
1084 2887 1148 2925 ubi
1175 2888 1352 2937 antiquae
1378 2887 1527 2926 fabulae
1553 2887 1660 2925 novis
1688 2886 1941 2936 opponuntur,
1968 2878 2205 2921 Menaechm-
