2360 3050
1157 126 1213 165 :38

153 254 405 292 Romanarum
423 252 617 289 literarum
637 254 876 289 monumenta
892 252 1086 301 aspernari
1107 252 1208 290 haud
1236 253 1427 290 dubitarit.
1477 252 1593 290 Plura
1619 253 1882 294 alliterationis
1909 257 2079 307 exempla
2104 269 2217 309 repe·

154 327 306 364 riuntur
313 325 411 375 apud
422 325 658 371 Ciceronem,
677 325 882 362 maximein
893 326 1138 372 orationibus,
1153 326 1217 363 ubi
1229 327 1284 363 vis
1297 326 1386 363 inde
1399 325 1499 363 haud
1517 326 1631 363 dubie
1646 328 1767 366 maior
1786 330 1966 386 quaedam
1981 330 2217 380 validiorque

155 400 302 438 exstitit
319 399 358 435 in
375 398 580 435 auditores.
608 397 686 435 Sed
703 397 804 446 apud
813 397 893 435 Cic.
912 398 1112 436 alliteratio
1130 400 1248 449 magis
1266 402 1348 436 orta
1361 398 1510 436 videtur
1519 410 1566 436 ex
1576 410 1635 445 eo,
1655 401 1758 448 quod
1767 403 1952 439 sermonis
1963 403 2152 452 ingenium
2161 404 2218 441 sic

126 517 132 521 ¹
155 473 358 517 suadebat,
393 483 504 519 quam
541 471 644 519 quod
681 470 765 519 ipse
799 470 1062 509 alliterationis
1091 474 1173 508 erat
1199 471 1427 517 studiosior3
1480 484 1606 520 neque
1633 474 1803 511 omnibus
1831 475 1912 512 eius
1940 476 2144 523 generibus
2172 488 2217 514 se

153 544 357 583 tradidisse
374 544 537 589 videtur,
562 546 605 580 ut
622 554 712 580 vere
728 547 858 580 monet
868 544 1083 593 Zumptius,
1101 543 1172 581 Vir
1189 545 1423 593 antiquitatis
1440 545 1640 582 admodum
1657 556 1808 593 gnarus,
1836 547 1883 583 ad
1894 545 2004 594 Verr-
2015 551 2086 584 act.
2097 547 2142 585 ll.
2152 548 2215 585 lib.

155 619 192 655 4.
220 629 254 655 c.
281 617 321 654 5.
348 615 383 664 §.
412 617 474 653 lo.
528 615 729 663 Leguntur
753 615 832 651 illic
859 616 973 652 verba
1000 616 1219 652 Ciceronis:
1260 617 1459 666 putabant
1486 618 1720 666 ereptionem
1747 630 1843 664 esse,
1869 630 1946 656 non
1974 621 2214 669 emptionem.

157 690 217 729 Ad
243 690 338 727 haec
365 689 418 725 ita
452 687 605 735 scripsit
643 687 866 735 Zumptius:
922 688 1289 733 „Annominationis
1323 690 1482 739 figuram
1518 700 1703 739 agnosco,
1742 702 1850 739 quam
1878 691 2058 729 describit
2084 696 2216 730 auctor

154 762 237 810 „ad
265 761 432 800 Herenn.
468 761 507 807 6,
543 760 608 806 21,
644 759 810 797 Rutilius
848 760 980 809 Lupus
1015 761 1054 807 3,
1092 762 1310 809 Quintilian.
1346 763 1469 799 Instit.
1507 766 1602 799 orat.
1635 764 1676 808 9,
1711 763 1751 808 8,
1777 765 1842 800 69.
1869 775 1953 811 sqq.
1980 768 2020 800 et
2044 764 2109 801 75.
2161 765 2216 801 Et

155 837 346 885 „praeter
373 833 555 882 exempla,
584 843 685 880 quae
709 832 767 869 illi
794 832 967 879 laudant,
998 833 1070 871 alia
1095 837 1183 872 sunt
1213 834 1409 873 Ciceronis
1436 834 1486 872 de
1512 838 1587 872 nat.
1614 835 1719 872 deor.
1748 835 1785 881 1,
1810 835 1851 882 7,
1881 836 1964 873 17.:
2020 863 2046 882 „
2057 835 2119 873 Tu
2147 849 2212 874 au·

152 936 179 954 „
189 935 215 954 „
225 911 301 945 tem
329 906 407 943 noli
434 906 649 951 existimes,
676 917 737 942 me
763 905 973 943 adiutorem
999 907 1089 944 huic
1114 908 1289 954 venisse,
1324 908 1393 946 sed
1418 908 1631 945 auditorem
1645 909 1673 934 ‘fl
1694 927 1750 936 —
1775 927 1829 936 —
1855 928 1920 946 —.
1975 909 2209 958 Quamquam

157 981 269 1027 „hoc
305 980 457 1027 quidem
494 990 636 1028 genere
665 978 800 1015 Cicero
826 979 947 1015 multo
974 980 1124 1027 parcius
1152 981 1293 1026 utitur,
1329 992 1439 1028 quam
1475 983 1608 1029 posset
1633 981 1844 1030 exspectari
1869 993 1893 1018 a
1919 985 2024 1018 tanto
2049 982 2212 1020 hominis

162 1052 388 1100 „acumine,
417 1052 449 1088 si
476 1052 601 1100 ipsum
628 1062 749 1099 genus
776 1051 866 1087 satis
893 1053 1104 1100 probasset,
1131 1064 1202 1089 nec
1227 1056 1292 1090 aut
1316 1053 1495 1102 frigidum
1520 1056 1585 1089 aut
1611 1052 1695 1090 leve
1719 1056 1901 1102 putasset.
1923 1073 1976 1081 —
1999 1053 2123 1102 Magis
2150 1066 2212 1091 re-

155 1124 535 1174 „rumproprietate
563 1123 907 1172 praepositionibus
935 1124 1199 1174 distinguenda
1223 1126 1457 1172 delectatur,
1495 1125 1620 1174 qualia
1651 1126 1717 1164 illa
1751 1129 1861 1172 sunt,
1896 1126 1998 1175 quod
2027 1108 2147 1164 Divin.
2174 1128 2213 1164 9.

165 1227 177 1245 ,
190 1198 397 1236 Caecilium
417 1198 546 1234 literas
566 1209 640 1233 non
663 1197 899 1245 deportare,
922 1198 991 1234 sed
1012 1203 1231 1247 asportare
1248 1200 1347 1236 velle
1364 1199 1466 1245 dicit,
1482 1202 1522 1236 et
1538 1199 1601 1235 lib.
1621 1199 1660 1245 1,
1677 1199 1716 1235 4.
1730 1198 1891 1237 Verrem
1910 1200 1983 1236 sibi
2003 1212 2126 1248 neque
2145 1211 2210 1237 oc-

156 1271 300 1317 „culte
327 1271 510 1318 surripi,
539 1282 664 1316 neque
692 1271 845 1316 impune
874 1271 984 1318 eripi
1008 1283 1134 1318 posse,
1163 1272 1308 1319 aliaque
1334 1272 1496 1308 multa.“
1550 1271 1712 1308 Veteres
1738 1272 1876 1308 deinde
1892 1272 2122 1320 grammatici
2144 1283 2212 1320 po·

159 1344 332 1380 sterioris
359 1342 543 1390 temporis
572 1342 617 1378 ab
643 1342 714 1377 hac
742 1342 1014 1379 consuetudine
1040 1344 1112 1379 iam
1139 1343 1223 1379 fere
1248 1345 1494 1380 abhorruisse
1520 1343 1707 1389 videntur,
1733 1347 1776 1380 ut
1801 1343 2054 1391 improbantes
2082 1344 2212 1393 singu-

153 1417 190 1453 la
228 1415 399 1463 exempla
426 1415 537 1451 etiam
565 1409 814 1463 κακέμφατα
841 1415 1087 1460 nominarint,
1121 1416 1176 1452 uti
1203 1417 1353 1464 scripsit
1378 1416 1462 1465 ipse
1490 1416 1642 1453 Servius
1669 1416 1717 1452 ad
1744 1415 1880 1465 Virgil.
1907 1416 2001 1453 Aen.
2028 1416 2068 1461 2,
2093 1414 2211 1463 7.*);

153 1489 258 1537 quod
284 1499 330 1525 eo
357 1487 476 1535 magis
501 1487 692 1531 miramur,
721 1498 804 1522 cum
832 1486 905 1523 ista
932 1487 1182 1524 alliteratione
1209 1489 1358 1525 suavior
1383 1490 1520 1526 existat
1546 1488 1771 1537 syllabarum
1793 1489 2068 1537 verborumque
2090 1489 2213 1526 coitus

151 1566 192 1599 et
229 1560 338 1610 quasi
375 1563 593 1597 concentus.
647 1558 730 1595 Nisi
764 1559 867 1597 forte
901 1560 1136 1608 potissimum
1173 1561 1213 1598 id
1249 1561 1388 1599 factum
1426 1574 1513 1599 esse
1540 1565 1714 1610 putemus
1742 1562 1871 1598 studio
1897 1562 1972 1598 isto
1999 1562 2212 1599 hominibus

154 1634 424 1672 eruditioribus
453 1635 492 1669 et
519 1631 815 1681 elegantioribus
844 1634 951 1681 quasi
979 1633 1122 1679 innato,
1150 1645 1172 1671 a
1198 1634 1302 1683 vulgi
1327 1647 1434 1672 more
1462 1638 1501 1672 et
1527 1634 1822 1678 consuetudine,
1848 1634 1992 1671 scilicet
2019 1635 2213 1682 despecta,

158 1707 369 1744 decedendi
396 1705 649 1752 consultoque
677 1716 721 1741 ea
747 1705 1009 1753 relinquendi,
1046 1716 1143 1754 quae
1176 1705 1290 1756 vulgo
1324 1709 1412 1744 sunt
1447 1707 1486 1744 in
1521 1705 1678 1744 deliciis.
1737 1705 1851 1755 Apud
1895 1706 2068 1756 vulgares
2115 1706 2213 1745 enim

153 1781 327 1818 homines
363 1780 464 1817 illam
501 1778 790 1816 alliterationem
826 1779 1027 1827 plurimum
1063 1780 1246 1816 mansisse
1280 1780 1320 1816 in
1354 1792 1447 1824 usu,
1480 1779 1593 1816 facile
1626 1779 1695 1815 tibi
1730 1780 1990 1827 persuaseris3
2043 1779 2112 1816 sed
2147 1791 2210 1816 ea-

150 1855 236 1892 dem
270 1853 370 1890 haud
405 1864 492 1889 raro
529 1852 664 1903 abusos
699 1863 786 1888 esse
819 1850 996 1900 frigidius
1032 1851 1286 1900 insulsiusque
1326 1838 1511 1890 iocantes¹
1530 1855 1571 1888 et
1606 1850 1817 1888 scurriliter
1851 1854 2034 1900 nugantes
2069 1852 2211 1900 pariter

154 1926 375 1964 credideris.
430 1925 636 1974 Superest,
671 1927 715 1961 ut
742 1924 927 1961 neminem
955 1923 1100 1970 latebit,
1126 1924 1166 1962 in
1191 1926 1400 1974 proverbiis
1427 1928 1467 1963 et
1499 1925 1538 1962 in
1572 1923 1847 1970 locutionibus,
1883 1935 1978 1973 quae
2004 1925 2160 1974 propius
2188 1938 2210 1963 a

154 2000 367 2049 proverbiis
396 1999 552 2042 absunt3
604 1997 845 2046 potissimum
871 1997 1135 2045 repetitionem
1163 1999 1329 2035 eiusdem
1355 1998 1549 2042 vocabuli,
1591 2009 1687 2045 quae
1721 1997 1807 2045 ipsa
1840 1997 1888 2034 ad
1923 1997 2209 2035 alliterationem

151 2073 323 2122 proxime
350 2071 519 2114 accedit,
558 2070 733 2106 usitatam
760 2081 847 2106 esse
874 2069 1056 2105 videmus.
1109 2069 1166 2106 lta
1193 2070 1322 2106 dicunt
1356 2070 1646 2119 proverbialiter
1679 2069 1850 2105 homines
1877 2068 2054 2105 Romani:
2109 2095 2136 2115 „
2147 2068 2209 2105 Si·

153 2144 290 2189 „milis
318 2143 432 2180 simili
460 2142 612 2191 gaudet,
639 2142 756 2178 amico
784 2141 939 2185 amicus,
974 2141 1104 2178 balbus
1130 2142 1278 2179 balbum
1304 2143 1447 2180 rectius
1473 2141 1672 2191 iutelligit,
1701 2153 1834 2179 caecus
1862 2153 1974 2179 caeco
2002 2142 2101 2188 dux,
2128 2154 2206 2179 ma-

150 2228 258 2263 „nus
293 2228 443 2254 manum
475 2215 609 2261 fricat,
649 2215 709 2252 vel
737 2214 890 2261 lavat,“
927 2217 967 2252 et
992 2215 1266 2253 eiusdemmodi
1293 2219 1480 2253 sexcenta.
1533 2216 1661 2264 Atque
1698 2215 1856 2253 eandem
1883 2216 2207 2260 consuetudinem,

152 2303 263 2339 quam
302 2291 414 2327 etiam
449 2303 470 2326 a
499 2290 724 2327 Germanico
760 2299 935 2326 sermone
961 2289 1112 2326 minime
1139 2289 1297 2326 alienam
1324 2300 1409 2326 esse
1436 2292 1564 2326 notum
1591 2291 1673 2334 est,
1708 2288 1866 2325 multum
1892 2288 2053 2326 valuisse
2081 2289 2120 2326 in
2147 2293 2207 2326 to-

152 2369 229 2403 tam
256 2363 410 2413 linguae
437 2362 628 2400 Romanae
655 2366 823 2400 naturam
851 2361 1087 2410 formamque
1115 2365 1155 2401 et
1180 2362 1218 2399 in
1247 2364 1329 2400 eius
1357 2363 1620 2412 grammaticen
1646 2366 1803 2410 apparet
1828 2373 1912 2398 cum
1941 2374 1987 2398 ex
2009 2362 2105 2405 aliis,
2131 2366 2209 2398 tum

150 2448 196 2474 ex
224 2436 468 2473 multitudine
494 2436 760 2481 relativorum,
796 2446 893 2483 quae
929 2438 1014 2472 orta
1050 2437 1139 2472 sunt
1165 2445 1211 2471 ex
1237 2435 1488 2485 repetitione,
1529 2434 1653 2484 qualia
1679 2438 1769 2472 sunt
1797 2435 1985 2485 quisquis,
2022 2439 2208 2485 quantus-

150 2514 335 2559 quantus,
365 2514 565 2558 quotquot,
593 2514 698 2554 utut,
726 2521 971 2558 quamquam.
1014 2509 1136 2554 Adde,
1164 2510 1265 2556 quod
1291 2510 1404 2559 vulgo
1433 2513 1472 2545 et
1498 2520 1545 2546 ex
1572 2509 1658 2559 lege
1686 2507 1842 2558 quadam
1868 2511 2055 2558 perpetua
2081 2507 2211 2545 dicunt

150 2582 310 2620 Romani
338 2583 465 2631 magis
491 2583 702 2631 magisque,
730 2584 856 2618 minus
883 2582 1096 2630 minusque,
1119 2582 1211 2630 plus
1231 2582 1409 2632 plusque,
1437 2581 1518 2618 alia.

256 2665 333 2703 Sed
360 2670 404 2703 ut
432 2666 505 2703 iam
533 2665 579 2702 ad
607 2665 755 2714 singula
781 2665 1045 2702 alliterationis
1073 2665 1243 2714 exempla
1270 2677 1316 2703 ex
1342 2665 1536 2703 Aulularia
1561 2664 1726 2713 repetita
1753 2668 2003 2707 transeamus,
2031 2675 2078 2700 ne
2106 2663 2208 2701 ordi-

145 2751 195 2777 ne
222 2739 386 2787 quodam
421 2743 462 2775 et
498 2738 587 2787 lege
621 2742 726 2775 certa
760 2749 975 2782 careamus,
1018 2738 1119 2775 sicut
1155 2738 1240 2788 ipse
1266 2738 1338 2776 iam
1365 2737 1552 2775 Naeckius
1577 2736 1726 2774 ratione
1752 2736 1853 2774 haud
1880 2736 2037 2774 multum
2065 2736 2211 2776 diversa

144 2812 255 2859 fecit,
282 2811 573 2850 constituendae
599 2814 688 2849 suut
715 2811 871 2850 claues.
924 2811 1141 2850 Alliteratio
1168 2812 1268 2850 enim
1294 2812 1340 2849 fit
1365 2812 1464 2849 inter
1489 2810 1565 2847 dno
1591 2810 1653 2848 vel
1679 2810 1751 2847 tria
1778 2808 1959 2847 vocabula

180 2955 214 2997 0)
236 2955 287 2989 Cf.
309 2954 475 2990 Naeckiua
497 2964 574 2998 pag.
594 2957 668 2990 ³³2
