2360 3050
1145 72 1180 108 ‘t

126 202 226 256 prol.
252 210 319 242 vs..
334 201 374 241 8.
400 198 494 253 (vid.
520 199 661 239 Osann.
685 210 774 250 pag.
800 196 931 251 nm:
985 198 1164 249 Apporto
1189 197 1293 235 vobis
1319 197 1507 235 Plautum
1534 197 1685 247 lingua,
1720 208 1797 234 non
1824 208 1966 243 manu,
2004 196 2183 237 Pseudol.

127 278 227 328 prol.
244 281 303 315 vs.
316 277 374 314 l.:'
400 276 842 324 bonainscenamaffero
851 278 891 310 et
899 274 998 309 ved).
1011 285 1023 308 ε
1051 273 1139 308 kuic
1148 284 1217 308 nos
1225 273 1480 321 numpan'ter
1488 272 1623 308 bonam
1633 271 1723 307 bom·
1730 284 1885 320 operam
1894 272 1991 308 date
1997 273 2125 321 gregi,
2144 277 2185 311 et

127 360 185 389 κ.
199 350 288 387 θα·
333 349 520 386 Plautina
537 346 807 396 longasabula
825 348 865 383 ia
881 358 1034 383 scenam
1053 346 1168 382 venit.
1216 345 1257 381 ln
1277 345 1466 381 Pseudolo
1487 345 1579 393 (vId.
1600 345 1738 381 Osann.
1758 357 1843 393 pag.
1863 346 1950 383 ΗΒ.
1953 349 1970 393 )
1988 345 2182 392 Roscium,

128 422 367 469 oomoedum,
377 422 553 460 Balhoms
561 425 746 470 partese
748 419 1110 467 isseCiceroneipso
1121 422 1328 468 spectante,
1339 430 1476 455 scimus
1487 430 1532 455 ex
1542 419 1622 456 Cic.
1633 419 1737 455 Orat.
1749 430 1819 467 pro
1833 418 1942 456 Rosc.
1954 419 2060 456 Com.
2069 419 2110 465 7,
2119 419 2183 457 2⁰.

126 498 172 534 ot
195 495 267 541 17,
287 495 352 533 5⁰.
406 495 504 542 Quin
531 495 667 538 etiam,
703 493 804 541 quod
832 504 923 529 saue
947 493 1115 536 mireris,
1149 490 1186 528 in
1222 493 1342 528 ruinis
1369 492 1630 540 Pompeianis,
1667 493 1704 528 in
1744 492 1885 540 oppido
1922 493 1996 528 isto
2023 491 2183 530 Vesuvii

125 568 278 619 ignibus
302 569 465 617 abrepti,
493 569 644 605 inventa
670 571 730 604 est
754 570 902 604 tessera
927 567 1007 603 sive
1033 564 1239 613 tabella*),
1276 578 1384 614 quam
1413 567 1477 614 qui
1504 566 1665 603 habebat
1694 566 2017 614 ostendebatque,
2053 567 2090 604 ei
2116 566 2177 603 in·

126 643 265 681 troitus
299 642 452 692 patebat
485 643 524 680 in
557 642 769 687 theatrum3
821 640 873 679 ibi
901 640 1037 679 Casina
1069 639 1194 678 Plauti
1228 643 1516 678 commemorata
1551 643 1630 687 est,
1665 643 1708 677 ut
1741 640 1781 678 iu
1809 652 1921 679 scena
1948 640 1994 678 ab
2021 639 2179 679 histrio-

127 714 238 755 nibus
265 714 420 767 agenda.

235 799 342 837 Haec
369 810 451 836 cnm
479 799 532 836 ita
558 799 654 845 sint,
693 798 888 835 Plautinas
914 797 1057 835 fabulas
1083 797 1218 847 vulgus
1246 798 1485 848 populusque
1513 797 1596 846 ipse
1621 797 1705 834 iure
1732 808 1801 834 suo
1830 798 1936 846 quasi
1962 796 2181 847 possidebat

130 875 172 910 et
197 864 411 909 nominatim
438 873 640 907 histriones
659 872 832 907 Plautum
858 871 918 906 vix
945 883 968 907 e
995 872 1162 906 manibus
1192 872 1415 919 deposuisse
1442 871 1625 906 videntur.
1681 871 1819 916 Quidni
1846 874 1970 906 autem
1998 881 2074 906 non
2100 880 2181 906 mo·

2226 208 2255 353 k

2251 355 2257 382 l

2246 409 2255 495 f

2247 501 2261 610 l,

127 945 179 983 do
205 944 361 989 Romae,
378 933 456 980 ‘sed
483 945 563 981 aliis
592 945 703 981 etiam
732 944 770 980 in
798 944 968 988 urbibus,
995 944 1060 980 ubi
1087 944 1210 980 Plauti
1238 944 1387 980 fabulae
1413 944 1451 979 in
1480 956 1592 979 scena
1619 943 1840 991 agebantur,
1870 944 2076 980 histriones
2104 944 2182 981 sin·
2253 940 2256 948 ⁴

127 1016 207 1067 guli
242 1020 283 1054 et
316 1018 553 1062 nominatim,
591 1017 655 1064 qui
691 1016 916 1053 histrionum
950 1017 1059 1065 gregi
1093 1021 1314 1064 praeerant,
1350 1028 1419 1053 suo
1449 1028 1518 1064 pro
1546 1016 1685 1052 iudicio
1714 1017 1947 1064 arbitrioque
1972 1017 2182 1065 corrigere,

126 1091 295 1134 mutare,
330 1090 527 1133 omittere,
563 1088 703 1125 addere
738 1091 913 1136 poterant
948 1088 997 1124 de
1023 1087 1181 1133 sabulis,
1217 1091 1410 1135 utcunque
1437 1088 1531 1136 ipsis
1560 1088 1700 1125 libebat
1726 1091 1765 1125 et
1791 1100 1853 1125 res
1881 1100 2092 1136 causaeque
2118 1091 2185 1125 aut

127 1165 302 1212 tempora
327 1162 533 1199 iubebaut‘!
588 1161 628 1198 ld
656 1162 758 1210 quod
786 1161 929 1199 Romae
956 1161 1031 1210 ipsi
1058 1162 1129 1198 iam
1157 1161 1284 1199 facere
1311 1166 1486 1210 poterant
1512 1162 1680 1208 Aediles,
1712 1162 1848 1211 quibus
1878 1167 2015 1211 poetae
2039 1161 2184 1200 fabulas

126 1246 215 1272 fluas
241 1234 406 1270 vendere
433 1234 606 1270 solebant
634 1238 673 1270 et
699 1234 738 1270 in
765 1235 1003 1278 universum,
1045 1235 1259 1281 quicunque
1286 1238 1352 1270 aut
1378 1236 1456 1269 suis
1484 1236 1664 1283 impensis
1692 1240 1756 1270 aut
1782 1236 1933 1283 publica
1960 1236 2185 1272 auctoritate

124 1306 271 1349 fabulas
315 1308 478 1355 agendas
514 1308 702 1344 curabant.
766 1308 919 1354 lamque
954 1308 1043 1343 satis
1079 1312 1225 1344 mature
1259 1312 1499 1344 accesserunt
1534 1310 1765 1355 grammatici
1800 1309 1979 1353 Romani,
2025 1321 2183 1355 quorum

126 1390 224 1418 uuus
259 1378 332 1417 fuit
358 1379 626 1417 celeberrimus
653 1379 718 1418 ille
744 1379 801 1417 M.
829 1379 1033 1417 Terentius
1059 1377 1205 1424 Varro,
1243 1392 1355 1428 quem
1393 1381 1633 1428 quaestiones
1661 1381 1852 1419 Plautinas
1880 1382 2081 1430 ‘scripsisse
2107 1381 2183 1418 sci·

124 1460 231 1497 mus3
256 1451 414 1489 istorum
435 1462 481 1489 ex
500 1462 654 1489 numero
669 1462 744 1489 non
760 1452 871 1501 pauci
887 1462 1038 1500 operam
1055 1454 1261 1500 posuerunt
1277 1451 1315 1489 in
1333 1451 1561 1501 explicandis
1569 1452 1691 1490 Plauti
1711 1452 1846 1490 fabuIIs
1865 1455 1904 1490 et
1925 1452 2090 1491 dictione
2116 1462 2182 1490 an-

122 1524 554 1571 tiquapervestiganda.
607 1524 659 1560 Hi
693 1535 777 1560 cum
816 1525 929 1560 crIsin
957 1524 1069 1560 simul
1097 1527 1320 1560 exercerent
1347 1525 1396 1561 de
1423 1525 1580 1575 singulis
1608 1525 1702 1562 locis
1729 1526 1827 1562 haud
1856 1536 1964 1563 secus
1992 1527 2107 1572 atque
2133 1524 2183 1562 de

123 1594 341 1644 integritate
377 1596 607 1644 singularum
643 1596 944 1639 comoediarum,
982 1607 1192 1642 quanquam
1219 1595 1378 1630 multum
1406 1597 1487 1632 sine
1514 1598 1626 1633 dubio
1653 1598 1901 1643 profuerunt,
1936 1598 2021 1634 fieri
2054 1602 2181 1636 tamen

123 1679 200 1707 non
225 1670 361 1718 potuit,
391 1669 481 1715 quin
508 1669 620 1704 iidem
648 1668 710 1704 alii
736 1668 847 1703 aliter
873 1670 1081 1703 statuerent
1107 1668 1406 1714 iudicarentque,
1435 1671 1486 1712 et,
1517 1668 1617 1715 quod
1641 1669 1948 1707 verisimillimum
1966 1652 2042 1716 est,
2067 1670 2181 1708 Plau·

122 1740 155 1779 ti
182 1740 295 1777 etiam
321 1739 652 1787 interpolationem
679 1739 819 1788 passim
847 1742 953 1775 certe
980 1739 1198 1776 adiuvarent
1223 1743 1492 1789 augerentque.
1548 1740 1653 1788 Quae
1683 1753 1768 1779 cum
1795 1743 1846 1780 ita
1873 1744 1960 1789 sint,
1989 1744 2061 1782 iam
2083 1745 2179 1783 anti·

124 1811 252 1862 quitus
263 1811 387 1849 Plauti
405 1812 438 1848 si
456 1823 530 1848 non
541 1812 672 1857 totius,
694 1810 923 1860 singularum
940 1815 1046 1849 certe
1064 1811 1272 1850 fabularum
1282 1812 1423 1861 plures,
1444 1825 1539 1860 quae
1550 1825 1647 1850 nunc
1656 1814 1842 1861 dicuntur,
1862 1818 2103 1856 recensiones
2115 1830 2180 1856 ex-

121 1884 267 1923 stitisse
284 1887 437 1933 oportet
448 1883 589 1920 ethaud
602 1884 769 1933 exiguam
780 1884 997 1920 varietatem
1007 1883 1163 1931 formae,
1187 1885 1389 1933 quaPlauti
1401 1885 1616 1922 fabulaehic
1627 1887 1703 1924 illic
1715 1887 1945 1937 legebantur.
1972 1889 2098 1928 Plauti
2108 1891 2180 1942 igi·

122 1960 188 2007 tur
209 1958 449 2014 exemplaria,
467 1958 601 2004 quibus
615 1958 849 2005 posteriores
859 1957 1111 1994 Romanorum
1121 1959 1351 2006 grammatici
1362 1960 1573 2003 utebantur,
1592 1960 1689 1997 haud
1702 1962 1814 1999 dubie
1824 1963 2181 2004 admoduminterse

122 2017 361 2079 differebant,
391 2041 466 2078 quo
482 2030 630 2066 tandem
644 2029 782 2066 factum
798 2033 870 2075 est,
899 2034 941 2066 ut
956 2030 1067 2067 iidem
1082 2043 1227 2077 versus,
1255 2032 1364 2069 etiam
1380 2031 1570 2080 longiores
1583 2032 1657 2070 loci
1667 2034 1710 2070 ab
1722 2035 1803 2072 aliis
1814 2036 1924 2073 aliter
1934 2037 2065 2086 scripti
2075 2049 2178 2076 com-

121 2105 391 2147 memorentur,
421 2101 508 2149 quin
536 2106 667 2138 versus
695 2103 807 2138 etiam
834 2102 1035 2139 laudentur
1061 2103 1224 2153 plurimi,
1263 2105 1327 2152 qui
1354 2105 1392 2140 in
1418 2104 1568 2151 fabulis,
1613 2107 1749 2154 quibus
1777 2108 2053 2155 adscribuntur,
2081 2121 2181 2149 nunc

122 2183 199 2212 non
233 2176 393 2211 exstant.
445 2172 590 2223 Legas,
625 2175 659 2210 si
693 2174 838 2224 placet,
874 2176 922 2213 de
949 2177 1050 2212 omni
1078 2177 1150 2213 ista
1178 2177 1479 2226 interpolationis
1507 2177 1701 2224 Plautinae
1728 2181 1898 2230 origine,
1934 2193 2030 2230 quae
2056 2183 2181 2222 fusius

122 2246 276 2297 scripsit
294 2245 431 2284 Osann.
448 2247 553 2284 Anal.
571 2259 623 2284 cr.
646 2260 732 2298 pag.
760 2248 850 2285 141.
878 2252 918 2286 et
944 2260 1027 2298 sqq.
1055 2252 1095 2287 et
1122 2262 1217 2299 quae
1244 2252 1459 2301 nuperrime
1478 2251 1658 2290 disseruit
1677 2253 1762 2293 Car.
1780 2255 1910 2294 Herm.
1928 2254 2177 2310 Weisius.**)

121 2318 248 2357 Huius
274 2323 399 2355 autem
425 2320 750 2369 interpolationis,
790 2333 887 2368 quae
921 2323 960 2358 in
987 2322 1160 2359 Plautum
1187 2324 1344 2369 cecidit,
1378 2325 1631 2362 testimonium
1667 2327 1758 2363 satis
1793 2327 1969 2365 idoneum
1995 2329 2178 2370 habemus

123 2391 164 2429 in
189 2392 252 2437 iis,
281 2404 378 2441 quae
403 2393 440 2428 in
468 2393 589 2429 lucem
616 2394 799 2441 protraxit
825 2395 995 2443 Angelus
1021 2395 1145 2432 Maius
1174 2408 1219 2432 ex
1245 2396 1496 2446 Palimspesto
1524 2399 1656 2436 codice
1683 2400 1945 2448 Ambrosiam,
1972 2403 2073 2441 unde
2098 2404 2176 2442 cla-

121 2463 203 2504 rius
229 2468 357 2513 patet,
396 2468 540 2502 textum
566 2466 690 2503 Plauti
725 2467 860 2504 mirum
896 2467 934 2504 in
970 2468 1120 2505 modum
1148 2469 1234 2516 plus
1262 2481 1338 2506 uno
1365 2471 1516 2507 nomine
1543 2472 1720 2519 plurirnas
1748 2475 1910 2512 subiisse
1936 2477 2177 2524 mutationes,

121 2536 239 2575 etiam
272 2536 308 2573 si
344 2548 539 2576 numerum
575 2537 820 2587 ordinemque
855 2550 1031 2577 versuum
1064 2541 1291 2589 respexeris.
1356 2542 1410 2580 Ut
1446 2536 1543 2581 enim
1584 2545 1684 2594 apud
1720 2546 1994 2586 Grammaticos
2037 2549 2177 2591 latino·

120 2607 224 2648 haud
248 2609 361 2660 pauci
387 2621 519 2649 versus
545 2611 610 2649 lev
585 2614 747 2663 guntur,
782 2623 879 2662 quos
906 2613 1026 2651 adhuc
1052 2613 1092 2651 iu
1118 2613 1242 2653 Plauti
1269 2616 1475 2655 comoediis
1502 2629 1684 2668 nusquam
1711 2622 1884 2673 reperIs,
1923 2622 1978 2662 ita
2004 2622 2176 2665 similiter

161 2794 196 2833 Φ)
217 2792 300 2875 Vidl.
321 2793 616 2878 irysapgateber
636 2796 701 2831 den
721 2797 867 2832 Zustand
889 2798 947 2832 der
966 2796 1160 2834 RBmIschen
1186 2798 1326 2834 Bfihne'
1319 2811 1360 2835 rm
1383 2801 1537 2837 Zeitalter
1558 2803 1617 2838 des
1640 2805 1772 2846 Cicero.
1804 2806 1836 2841 in
1857 2805 1915 2841 der
1934 2808 2020 2853 ΔΗΒ.
2042 2808 2170 2845 Scbub.

352 2856 389 2886 pr

160 2895 207 2937 ⁸⁸)
228 2893 361 2930 Plautus
381 2899 448 2931 und
466 2899 554 2934 aeine
572 2904 724 2936 amam
744 2902 944 2945 mortham,
967 2906 1060 2937 1836.
