2360 3050
1074 31 1205 94 ‘aa

144 196 349 231 nummum,
374 182 438 221 ubi
464 181 583 232 magis
610 181 693 230 iam?
710 180 796 230 ipse
821 180 1079 225 intellexerat,
1107 180 1326 217 concinnius
1353 192 1440 218 esse
1466 182 1691 231 aptiusque,
1718 183 1756 220 id
1786 184 1886 232 quod
1914 188 2003 234 post
2028 157 2221 224 Plautum¹

144 259 286 309 ubique
311 257 405 295 fecit
431 255 661 302 Terentius,
688 255 737 293 de
764 258 986 304 argumento
1014 256 1248 304 spectatores
1275 254 1326 291 ita
1354 254 1511 300 docere,
1539 260 1603 301 ut,
1632 269 1728 304 quae
1755 262 1841 295 ante
1867 260 1965 296 scitu
1992 262 2205 298 necessaria

144 334 298 377 essent,
334 331 373 367 in
400 330 484 378 ipsa
509 328 636 365 fabula
663 331 992 377 proponerentur;
1039 327 1141 375 quod
1169 327 1312 376 optime
1338 339 1361 364 a
1387 330 1500 376 poeta
1524 327 1588 366 hic
1614 329 1667 366 ita
1694 329 1831 368 sactum
1857 335 1938 377 est,
1973 335 2016 369 ut
2044 332 2093 370 de
2117 333 2207 370 istis

143 405 258 442 rebus
285 404 333 440 ad
358 402 521 440 fabulam
549 402 806 450 spectantibus
834 403 960 438 statim
988 401 1032 438 ab
1060 401 1167 438 initio
1195 412 1305 438 senes
1334 400 1507 438 Callicles
1535 404 1575 439 et
1591 401 1859 453 Megaronides
1886 405 1981 443 satis
2008 405 2204 451 edoceant,

145 476 458 526 quemadmodum
482 475 569 513 fore
594 475 771 523 promisit
796 475 964 511 Luxuria
988 475 1029 511 in
1054 486 1129 510 vss.
1157 475 1221 510 16.
1249 478 1288 511 et
1315 475 1367 510 17
1377 486 1389 509 ι

660 556 737 594 Sed
765 557 815 595 de
841 560 1066 606 argumento
1092 569 1142 594 ne
1168 557 1393 606 exspectetis
1420 556 1590 603 sabulae3
1654 582 1658 585 -

661 630 782 668 Senes
809 632 872 679 qui
899 631 976 669 huc
1002 632 1169 676 venient,
1194 632 1235 668 hi
1262 644 1342 668 rem
1369 632 1477 668 vobis
1504 632 1687 679 aperient.

141 713 289 754 Eodem
324 713 440 753 modo
476 712 578 764 apud
606 711 828 752 Terentium
855 712 894 751 in
922 711 1152 752 Phormione
1179 713 1277 752 Geta
1304 716 1342 751 et
1368 712 1493 751 Davus
1519 714 1618 751 inter
1644 727 1687 752 se
1713 715 1974 763 colloquentes
2001 727 2199 765 argumen-

142 794 222 826 tum
248 789 433 838 aperIunt.
486 787 724 824 Provectiori
751 789 877 823 aetate
902 785 1065 824 fabulam
1093 799 1115 824 a
1140 791 1253 836 poeta
1280 798 1365 824 esse
1392 787 1624 833 confectam,
1667 799 1710 825 ex
1748 800 1793 825 eo
1824 801 1977 836 qnoque
2003 789 2199 826 concluse·

140 863 237 907 rim,
275 861 377 909 quod
415 871 491 897 non
523 860 637 896 modo
674 860 719 895 ad
758 859 866 907 leges
894 859 986 895 artis
1014 860 1186 896 scenicae
1214 860 1383 896 strictius
1412 862 1471 896 est
1498 860 1725 908 composita,
1760 871 1889 898 verum
1918 861 2027 898 etiam
2054 872 2200 899 morum

139 935 366 985 probitatem
393 933 536 981 ubique
562 933 682 981 magis
709 933 963 977 commendat,
990 935 1033 968 ut
1060 932 1171 969 decet
1197 933 1319 968 virum
1347 933 1418 969 iam
1447 933 1644 969 seniorem.
1697 932 1755 970 De
1781 936 1975 982 tempore,
2004 945 2079 982 quo
2108 933 2198 971 Tri·

139 1019 312 1046 nummus
347 1006 388 1043 in
414 1006 536 1043 lucem
563 1006 736 1051 venerit,
776 1006 1037 1042 disseruerunt
1064 1004 1147 1043 Viri
1175 1004 1415 1051 Doctissimi,
1450 1002 1681 1053 Ricterus*)
1708 1009 1748 1043 et
1780 1006 2135 1057 Wigadischmannua
2161 1007 2200 1045 in
2238 1015 2241 1017 '

137 1080 277 1119 Museo
304 1075 584 1129 Rhenano**);
637 1078 701 1114 hic
735 1078 865 1126 paullo
899 1082 990 1126 post
1025 1091 1157 1115 annum
1192 1079 1283 1115 542.
1318 1091 1351 1114 a.
1386 1090 1423 1114 u.
1460 1090 1515 1124 c.,
1568 1078 1634 1115 ille
1660 1079 1796 1127 viginti
1823 1080 1927 1116 annis
1954 1083 2065 1127 post,
2099 1091 2197 1116 anno

136 1154 229 1191 562.
256 1166 290 1190 a.
318 1165 355 1188 u.
384 1164 432 1197 c.,
459 1152 540 1187 sive
567 1162 662 1187 anno
692 1150 782 1187 192.
808 1163 840 1187 a.
871 1150 961 1188 Chr.
989 1162 1026 1187 n.
1053 1163 1075 1187 a
1101 1149 1236 1187 Plauto
1264 1150 1513 1199 compositum
1542 1163 1628 1188 esse
1654 1152 1841 1200 opinatur.
1884 1152 2072 1201 Equidem
2098 1152 2198 1191 facio

138 1239 224 1264 cmn
253 1226 421 1261 Ritttero
450 1229 489 1259 et
516 1223 678 1271 gaudeo,
705 1224 816 1259 alium
837 1224 968 1260 Virum
992 1224 1269 1268 Doctissimum,
1298 1224 1363 1270 qui
1390 1224 1604 1271 nuperrime
1631 1224 1680 1261 de
1706 1228 1892 1273 tempore,
1920 1237 1997 1274 quo
2025 1223 2198 1276 singulae

137 1299 264 1337 Plauti
282 1297 429 1335 fabulae
447 1296 684 1345 conscriptae
699 1296 932 1342 viderentur,
956 1297 1153 1340 disseruit,
1169 1296 1366 1332 Peter-sen.
1385 1297 1725 1344 Hamburgensem,
1744 1310 1889 1334 mecum
1910 1300 2040 1336 eadem
2056 1299 2140 1336 fere
2155 1300 2196 1337 in

136 1372 333 1411 sententia*
351 1381 451 1407 esse.
505 1368 575 1406 llle
601 1369 700 1406 enim
728 1381 763 1406 a.
789 1369 880 1406 186.
907 1381 941 1407 a.
968 1368 1060 1406 Chr.
1087 1379 1126 1406 n.
1153 1367 1415 1406 'Prinummum
1443 1368 1624 1418 scriptum
1651 1381 1738 1407 esse
1762 1370 1954 1408 iudicavit.

243 1475 355 1524 Quod
372 1485 462 1511 vero
473 1473 632 1511 Plautus
651 1473 689 1510 in
700 1472 808 1510 'l'rin.
824 1472 896 1509 ista
916 1473 1076 1518 numina,
1106 1472 1309 1509 Luxuriam
1337 1476 1375 1509 et
1392 1472 1569 1521 Inopiam,
1597 1473 1635 1510 in
1654 1485 1803 1511 scenam
1830 1476 1986 1520 induxit,
2014 1488 2036 1512 a
2063 1476 2199 1524 quibus

136 1549 320 1599 prologus
358 1548 606 1590 recitaretur,
648 1546 687 1581 id
722 1545 823 1580 haud
851 1546 929 1580 scio
957 1556 1002 1581 an
1030 1545 1077 1581 ad
1103 1545 1205 1581 idem
1232 1545 1396 1582 studium
1423 1545 1550 1582 Plauti
1577 1545 1649 1582 iam
1676 1546 1838 1584 senioris
1867 1548 1916 1585 sit
1941 1547 2197 1596 referendum,

138 1634 214 1671 quo
250 1621 479 1670 probitatem
510 1630 734 1665 morumque
759 1618 1011 1653 innocentiam
1038 1617 1227 1653 iuventuti
1253 1618 1376 1653 acrius
1402 1618 1665 1655 commendare
1691 1622 1869 1664 conatur3
1922 1631 2084 1669 namque
2110 1633 2196 1660 cum

136 1695 286 1734 numina
313 1694 395 1741 ipsa
421 1692 645 1740 praecipere
670 1690 876 1739 incipiunt,
905 1690 1012 1737 quasi
1039 1690 1155 1726 altius
1181 1690 1427 1737 sanctiusque
1451 1693 1657 1738 praecepta
1681 1691 1832 1727 virtutis
1859 1692 1990 1729 animis
2018 1693 2197 1732 insidunt.

135 1770 371 1816 Quamquam
398 1763 497 1812 quod
526 1763 620 1799 deos
648 1762 799 1810 saepius
826 1762 865 1798 in
892 1762 1062 1811 prologis
1090 1761 1249 1798 Plautus
1276 1762 1315 1798 in
1343 1772 1492 1798 scenam
1527 1761 1727 1811 producit,
1762 1761 1855 1799 facit
1880 1763 1946 1801 ille
1972 1776 2042 1802 suo
2067 1777 2197 1804 morez

133 1846 301 1879 veterem
329 1837 504 1885 sequitur
529 1835 760 1873 comoediam
789 1834 1026 1871 Doriensium
1055 1839 1094 1871 et
1122 1836 1233 1871 etiam
1261 1834 1298 1870 in
1325 1834 1495 1883 prologis
1523 1834 1579 1870 ad
1604 1834 1879 1883 Epicharmum
1901 1848 2113 1885 properare
2139 1839 2197 1876 vi·

137 1914 263 1950 detur.
316 1910 547 1958 Epicharmo
576 1908 673 1943 enim
701 1910 741 1942 et
768 1907 940 1943 omnibus
968 1907 1005 1943 in
1033 1908 1248 1944 universum
1275 1906 1400 1956 poetis
1427 1905 1537 1943 istius
1565 1906 1804 1953 comoediae,
1832 1920 1929 1956 quae
1956 1907 2197 1948 Doriensium

132 1990 305 2028 vocatur,
333 1983 491 2018 maxime
518 1982 695 2015 usitatum
722 1980 843 2015 fuisse
870 1981 1023 2023 scimus,
1051 1980 1143 2015 deos
1171 1980 1210 2015 in
1238 1989 1385 2014 scenam
1414 1978 1641 2026 producere,
1667 1979 1904 2029 potissImum
1931 1980 2003 2028 ita,
2031 1985 2072 2020 ut
2098 1982 2197 2023 seria

136 2060 176 2098 in
202 2056 403 2097 ridiculum
431 2050 774 2103 verterentur.***)
829 2053 871 2090 Si
897 2058 1022 2090 tamen
1049 2054 1255 2100 quaeritur,
1282 2053 1348 2099 qui
1375 2052 1515 2088 factum
1542 2053 1614 2097 sit,
1642 2056 1685 2088 ut
1710 2053 1785 2090 ista
1810 2055 2047 2091 consuetudo
2071 2055 2197 2094 Plauti

133 2132 228 2171 deos
254 2131 292 2169 in
320 2140 469 2168 scenam
496 2126 697 2165 inducendi
723 2138 856 2176 parum
883 2126 983 2176 apud
1009 2125 1199 2163 Romanos
1228 2125 1452 2170 obtinuerit,
1496 2137 1739 2173 quamquam,
1779 2130 1824 2163 ut
1849 2128 1890 2164 in
1916 2128 2194 2175 Amphitruone

132 2206 274 2244 factum
300 2202 494 2247 videmus,
520 2199 622 2237 haud
649 2199 782 2250 exigua
808 2199 898 2238 inde
924 2198 1016 2238 oriri
1042 2201 1195 2249 poterat
1218 2197 1396 2236 materies
1421 2198 1539 2236 risum
1564 2200 1753 2245 movendi,
1779 2199 1871 2237 mihi
1898 2201 2050 2248 quidem
2078 2215 2192 2241 causa

132 2280 254 2316 fuisse
280 2277 429 2312 videtur
454 2275 493 2310 in
520 2285 589 2318 eo,
627 2273 730 2321 quod
757 2274 905 2322 gravius
933 2272 1188 2309 Romanorum
1215 2271 1437 2308 nobiliorum
1465 2271 1655 2321 ingenium
1695 2271 1797 2310 hunc
1834 2272 1989 2322 impium
2027 2273 2112 2313 fere
2137 2276 2191 2313 ri·

133 2364 217 2389 sum
253 2363 276 2387 e
310 2349 424 2385 rebus
460 2337 596 2382 divinis
634 2346 830 2393 sacrisque
867 2347 1043 2382 haustum
1079 2356 1215 2393 aegre,
1259 2355 1308 2380 ne
1347 2344 1466 2380 dicam
1504 2345 1787 2394 indignissimte,
1830 2344 1990 2383 ferebat.
2064 2345 2197 2397 ltaque

132 2423 220 2464 fieri
255 2422 419 2460 fortasse
454 2419 602 2469 potuit,
645 2422 686 2456 ut
719 2419 869 2468 publica
904 2431 1058 2467 quoque
1093 2418 1318 2456 auctoritate
1351 2419 1573 2467 interposita
1609 2419 1695 2455 talis
1729 2419 1902 2467 impietas
1929 2419 2056 2467 aliquo
2082 2421 2195 2459 modo

132 2497 415 2550 prohiberetur.
469 2493 582 2541 Quod
610 2494 738 2530 tamen
764 2504 840 2531 non
868 2492 1063 2530 obstitisse
1089 2491 1260 2538 videtur,
1288 2503 1364 2540 quo
1390 2491 1513 2529 minus
1539 2491 1790 2540 Amphitruo,
1825 2504 1901 2540 quo
1928 2493 2045 2529 semel
2071 2506 2195 2542 popu-

134 2573 196 2610 lus
222 2567 486 2608 vehementius
511 2565 697 2605 delectari
723 2568 927 2617 coeperat,
960 2568 1051 2616 post
1076 2563 1252 2604 Plautian
1287 2575 1440 2615 quoque
1467 2564 1619 2615 saepius
1645 2565 1683 2604 in
1711 2577 1824 2604 scena
1851 2568 2090 2616 spectaretur
2114 2567 2193 2606 ani-

177 2766 213 2807 o)
235 2765 272 2798 In
295 2763 461 2807 ephemm.,
483 2763 596 2804 quibus
619 2772 752 2796 nomen:
795 2761 1029 2804 Schulzeitung
1056 2766 1135 2796 1830
1156 2767 1188 2795 et
1214 2765 1305 2796 1831.

176 2829 219 2865 ··’)
242 2828 322 2860 Vide
343 2832 485 2869 partem,
508 2836 591 2866 «luae
612 2827 763 2867 inscripta
787 2830 853 2857 est:
899 2829 926 2856 1.
949 2825 1059 2866 Jahrg.
1083 2829 1113 2857 1.
1137 2825 1225 2857 Hest.

175 2892 237 2928 w)
257 2890 434 2932 legantur,
457 2899 540 2930 quae
561 2890 687 2931 scripsit
711 2890 841 2931 (ἕψων.
865 2890 905 2921 de
926 2889 1126 2921 Dorienaium
1147 2888 1310 2921 comoedia
1330 2898 1403 2930 pag.
1425 2890 1476 2921 4³.
1499 2891 1532 2921 et
1553 2897 1644 2928 seqq.
1671 2891 1704 2920 et
1724 2897 1798 2929 pag.
1820 2890 1893 2921 231.
1915 2891 1950 2921 et
1974 2897 2064 2930 seqq.
