<?xml version="1.0" encoding="UTF-8"?>
<!DOCTYPE html PUBLIC "-//W3C//DTD XHTML 1.0 Transitional//EN"
    "http://www.w3.org/TR/xhtml1/DTD/xhtml1-transitional.dtd">
<html xmlns="http://www.w3.org/1999/xhtml" xml:lang="en" lang="en">
 <head>
  <title>
</title>
<meta http-equiv="Content-Type" content="text/html;charset=utf-8" />
  <meta name='ocr-system' content='tesseract 3.04.00' />
  <meta name='ocr-capabilities' content='ocr_page ocr_carea ocr_par ocr_line ocrx_word'/>
</head>
<body>
  <div class='ocr_page' id='page_1' title='image "4769315_0038.png"; bbox 0 0 2360 3050; ppageno 0'>
   <div class='ocr_carea' id='block_1_1' title="bbox 1122 101 1270 160">
    <p class='ocr_par' dir='ltr' id='par_1_1' title="bbox 1122 101 1270 160">
     <span class='ocr_line' id='line_1_1' title="bbox 1122 101 1270 160; baseline 0 0"><span class='ocrx_word' id='word_1_1' title='bbox 1122 101 1270 160; x_wconf 37' lang='lat'>*²3-</span> 
     </span>
    </p>
   </div>
   <div class='ocr_carea' id='block_1_2' title="bbox 163 223 2223 2319">
    <p class='ocr_par' dir='ltr' id='par_1_2' title="bbox 163 223 2223 1954">
     <span class='ocr_line' id='line_1_2' title="bbox 171 223 2223 281; baseline 0.004 -16"><span class='ocrx_word' id='word_1_2' title='bbox 171 226 393 276; x_wconf 70' lang='lat' dir='ltr'>„mentarIo</span> <span class='ocrx_word' id='word_1_3' title='bbox 420 224 624 277; x_wconf 75' lang='lat' dir='ltr'><strong>descripsit</strong></span> <span class='ocrx_word' id='word_1_4' title='bbox 648 224 702 265; x_wconf 84' lang='lat' dir='ltr'>lo.</span> <span class='ocrx_word' id='word_1_5' title='bbox 729 225 838 279; x_wconf 82' lang='lat' dir='ltr'>Bapt.</span> <span class='ocrx_word' id='word_1_6' title='bbox 863 224 954 266; x_wconf 85' lang='lat' dir='ltr'>Pius</span> <span class='ocrx_word' id='word_1_7' title='bbox 962 223 1026 281; x_wconf 82' lang='grc'>*);</span> <span class='ocrx_word' id='word_1_8' title='bbox 1079 226 1120 265; x_wconf 91' lang='lat' dir='ltr'>in</span> <span class='ocrx_word' id='word_1_9' title='bbox 1146 227 1351 266; x_wconf 84' lang='lat' dir='ltr'>editionem</span> <span class='ocrx_word' id='word_1_10' title='bbox 1376 227 1546 279; x_wconf 85' lang='lat' dir='ltr'>suscepit</span> <span class='ocrx_word' id='word_1_11' title='bbox 1570 227 1752 280; x_wconf 70' lang='lat' dir='ltr'>Angelius</span> <span class='ocrx_word' id='word_1_12' title='bbox 1760 225 1854 279; x_wconf 52' lang='lat' dir='ltr'>W),</span> <span class='ocrx_word' id='word_1_13' title='bbox 1907 240 1983 269; x_wconf 89' lang='lat' dir='ltr'>non</span> <span class='ocrx_word' id='word_1_14' title='bbox 2008 230 2072 270; x_wconf 86' lang='lat' dir='ltr'>hic</span> <span class='ocrx_word' id='word_1_15' title='bbox 2096 234 2223 273; x_wconf 72' lang='lat' dir='ltr'>umen</span> 
     </span>
     <span class='ocr_line' id='line_1_3' title="bbox 172 302 2221 354; baseline 0.003 -16"><span class='ocrx_word' id='word_1_16' title='bbox 172 302 373 351; x_wconf 83' lang='lat' dir='ltr'>„singulas</span> <span class='ocrx_word' id='word_1_17' title='bbox 410 312 542 339; x_wconf 87' lang='lat' dir='ltr'>scenas</span> <span class='ocrx_word' id='word_1_18' title='bbox 577 302 652 338; x_wconf 89' lang='lat' dir='ltr'>nisi</span> <span class='ocrx_word' id='word_1_19' title='bbox 683 302 900 350; x_wconf 80' lang='lat' dir='ltr'>praemissis</span> <span class='ocrx_word' id='word_1_20' title='bbox 936 313 1180 351; x_wconf 88' lang='lat' dir='ltr'>personarum</span> <span class='ocrx_word' id='word_1_21' title='bbox 1214 302 1430 340; x_wconf 84' lang='lat' dir='ltr'>nominibus</span> <span class='ocrx_word' id='word_1_22' title='bbox 1461 305 1607 340; x_wconf 91' lang='lat' dir='ltr'>notans.</span> <span class='ocrx_word' id='word_1_23' title='bbox 1670 303 1831 341; x_wconf 80' lang='lat' dir='ltr'>Secutae</span> <span class='ocrx_word' id='word_1_24' title='bbox 1866 315 1914 341; x_wconf 84' lang='lat' dir='ltr'>ex</span> <span class='ocrx_word' id='word_1_25' title='bbox 1948 306 2221 354; x_wconf 80' lang='lat' dir='ltr'>antiquioribus</span> 
     </span>
     <span class='ocr_line' id='line_1_4' title="bbox 170 362 2221 426; baseline 0.003 -14"><span class='ocrx_word' id='word_1_26' title='bbox 170 362 335 421; x_wconf 86' lang='lat' dir='ltr'>„Lucae</span> <span class='ocrx_word' id='word_1_27' title='bbox 361 373 540 412; x_wconf 88' lang='lat' dir='ltr'>Canonici</span> <span class='ocrx_word' id='word_1_28' title='bbox 575 375 690 413; x_wconf 88' lang='lat' dir='ltr'>editio</span> <span class='ocrx_word' id='word_1_29' title='bbox 717 374 864 414; x_wconf 88' lang='lat' dir='ltr'>Veneta</span> <span class='ocrx_word' id='word_1_30' title='bbox 898 388 933 414; x_wconf 85' lang='lat' dir='ltr'>a.</span> <span class='ocrx_word' id='word_1_31' title='bbox 968 375 1072 414; x_wconf 85' lang='grc'><strong>1518</strong></span> <span class='ocrx_word' id='word_1_32' title='bbox 1108 380 1148 414; x_wconf 86' lang='lat' dir='ltr'>et</span> <span class='ocrx_word' id='word_1_33' title='bbox 1172 376 1262 414; x_wconf 90' lang='lat' dir='ltr'>Aldi</span> <span class='ocrx_word' id='word_1_34' title='bbox 1287 374 1435 414; x_wconf 89' lang='lat' dir='ltr'>Veneta</span> <span class='ocrx_word' id='word_1_35' title='bbox 1469 388 1501 414; x_wconf 81' lang='lat' dir='ltr'>a.</span> <span class='ocrx_word' id='word_1_36' title='bbox 1529 375 1653 422; x_wconf 81' lang='lat'>1522,</span> <span class='ocrx_word' id='word_1_37' title='bbox 1692 376 1768 413; x_wconf 87' lang='lat'>8.“</span> <span class='ocrx_word' id='word_1_38' title='bbox 1822 376 1956 426; x_wconf 85' lang='lat' dir='ltr'>Itaque</span> <span class='ocrx_word' id='word_1_39' title='bbox 1981 379 2221 418; x_wconf 78' lang='lat' dir='ltr'>manifestum</span> 
     </span>
     <span class='ocr_line' id='line_1_5' title="bbox 171 447 2222 499; baseline 0.002 -13"><span class='ocrx_word' id='word_1_40' title='bbox 171 450 253 495; x_wconf 82' lang='lat' dir='ltr'>est,</span> <span class='ocrx_word' id='word_1_41' title='bbox 290 447 391 497; x_wconf 87' lang='lat' dir='ltr'>quod</span> <span class='ocrx_word' id='word_1_42' title='bbox 425 447 574 487; x_wconf 89' lang='lat' dir='ltr'>fabulae</span> <span class='ocrx_word' id='word_1_43' title='bbox 608 449 648 487; x_wconf 91' lang='lat' dir='ltr'>in</span> <span class='ocrx_word' id='word_1_44' title='bbox 683 452 788 488; x_wconf 87' lang='lat' dir='ltr'>actus</span> <span class='ocrx_word' id='word_1_45' title='bbox 823 449 1070 497; x_wconf 88' lang='lat' dir='ltr'>dirimuntur,</span> <span class='ocrx_word' id='word_1_46' title='bbox 1109 449 1183 488; x_wconf 92' lang='lat' dir='ltr'>hoc</span> <span class='ocrx_word' id='word_1_47' title='bbox 1210 449 1362 499; x_wconf 85' lang='lat' dir='ltr'>quidem</span> <span class='ocrx_word' id='word_1_48' title='bbox 1387 448 1539 488; x_wconf 88' lang='lat' dir='ltr'>minime</span> <span class='ocrx_word' id='word_1_49' title='bbox 1565 449 1634 487; x_wconf 89' lang='lat' dir='ltr'>niti</span> <span class='ocrx_word' id='word_1_50' title='bbox 1660 448 1832 488; x_wconf 89' lang='lat' dir='ltr'>codicum</span> <span class='ocrx_word' id='word_1_51' title='bbox 1857 449 1971 489; x_wconf 87' lang='lat' dir='ltr'>MSS.</span> <span class='ocrx_word' id='word_1_52' title='bbox 1998 453 2222 492; x_wconf 86' lang='lat' dir='ltr'>auctoritate</span> 
     </span>
     <span class='ocr_line' id='line_1_6' title="bbox 169 520 2220 577; baseline 0.003 -19"><span class='ocrx_word' id='word_1_53' title='bbox 169 520 341 571; x_wconf 85' lang='lat' dir='ltr'>fideque,</span> <span class='ocrx_word' id='word_1_54' title='bbox 376 522 517 572; x_wconf 88' lang='lat' dir='ltr'>quippe</span> <span class='ocrx_word' id='word_1_55' title='bbox 543 522 582 560; x_wconf 92' lang='lat' dir='ltr'>in</span> <span class='ocrx_word' id='word_1_56' title='bbox 611 522 746 572; x_wconf 85' lang='lat' dir='ltr'>quibus</span> <span class='ocrx_word' id='word_1_57' title='bbox 771 523 885 561; x_wconf 89' lang='lat' dir='ltr'>huius</span> <span class='ocrx_word' id='word_1_58' title='bbox 912 523 1103 561; x_wconf 76' lang='lat' dir='ltr'>divisionis</span> <span class='ocrx_word' id='word_1_59' title='bbox 1130 523 1291 574; x_wconf 82' lang='lat' dir='ltr'>vestigia</span> <span class='ocrx_word' id='word_1_60' title='bbox 1316 522 1419 561; x_wconf 90' lang='lat' dir='ltr'>nulla</span> <span class='ocrx_word' id='word_1_61' title='bbox 1444 525 1645 573; x_wconf 75' lang='lat' dir='ltr'><strong>apparent,</strong></span> <span class='ocrx_word' id='word_1_62' title='bbox 1681 522 1749 561; x_wconf 81' lang='lat' dir='ltr'>sed</span> <span class='ocrx_word' id='word_1_63' title='bbox 1776 523 1871 562; x_wconf 87' lang='lat' dir='ltr'>solis</span> <span class='ocrx_word' id='word_1_64' title='bbox 1897 528 2067 564; x_wconf 82' lang='lat' dir='ltr'>veterum</span> <span class='ocrx_word' id='word_1_65' title='bbox 2093 538 2220 577; x_wconf 83' lang='lat' dir='ltr'>gram·</span> 
     </span>
     <span class='ocr_line' id='line_1_7' title="bbox 170 595 2219 647; baseline 0.003 -17"><span class='ocrx_word' id='word_1_66' title='bbox 170 595 394 631; x_wconf 90' lang='lat' dir='ltr'>maticorum</span> <span class='ocrx_word' id='word_1_67' title='bbox 427 597 660 645; x_wconf 80' lang='lat' dir='ltr'>praeceptis,</span> <span class='ocrx_word' id='word_1_68' title='bbox 700 608 798 645; x_wconf 87' lang='lat' dir='ltr'>quae</span> <span class='ocrx_word' id='word_1_69' title='bbox 830 597 1000 633; x_wconf 87' lang='lat' dir='ltr'>homines</span> <span class='ocrx_word' id='word_1_70' title='bbox 1036 597 1161 643; x_wconf 84' lang='lat' dir='ltr'>docti,</span> <span class='ocrx_word' id='word_1_71' title='bbox 1197 597 1263 645; x_wconf 83' lang='lat' dir='ltr'>qui</span> <span class='ocrx_word' id='word_1_72' title='bbox 1288 596 1414 633; x_wconf 91' lang='lat' dir='ltr'>Plauti</span> <span class='ocrx_word' id='word_1_73' title='bbox 1440 595 1583 633; x_wconf 85' lang='lat' dir='ltr'>fabulas</span> <span class='ocrx_word' id='word_1_74' title='bbox 1610 596 1713 644; x_wconf 78' lang='lat' dir='ltr'>typis</span> <span class='ocrx_word' id='word_1_75' title='bbox 1740 597 2002 636; x_wconf 83' lang='lat' dir='ltr'>exscribendas</span> <span class='ocrx_word' id='word_1_76' title='bbox 2028 605 2219 647; x_wconf 81' lang='lat' dir='ltr'>curarunt,</span> 
     </span>
     <span class='ocr_line' id='line_1_8' title="bbox 170 668 2220 717; baseline 0.003 -13"><span class='ocrx_word' id='word_1_77' title='bbox 170 668 291 705; x_wconf 88' lang='lat' dir='ltr'>secuti</span> <span class='ocrx_word' id='word_1_78' title='bbox 327 672 427 705; x_wconf 89' lang='lat' dir='ltr'>sunt.</span> <span class='ocrx_word' id='word_1_79' title='bbox 481 669 574 717; x_wconf 82' lang='lat' dir='ltr'>Quis</span> <span class='ocrx_word' id='word_1_80' title='bbox 609 681 700 707; x_wconf 86' lang='lat' dir='ltr'>vero</span> <span class='ocrx_word' id='word_1_81' title='bbox 736 670 900 716; x_wconf 90' lang='lat' dir='ltr'>nesciat,</span> <span class='ocrx_word' id='word_1_82' title='bbox 935 670 1032 708; x_wconf 86' lang='lat' dir='ltr'>hanc</span> <span class='ocrx_word' id='word_1_83' title='bbox 1065 669 1376 707; x_wconf 85' lang='lat' dir='ltr'>consuetudinem</span> <span class='ocrx_word' id='word_1_84' title='bbox 1408 668 1553 706; x_wconf 80' lang='lat' dir='ltr'>fabulas</span> <span class='ocrx_word' id='word_1_85' title='bbox 1587 669 1627 706; x_wconf 88' lang='lat' dir='ltr'>in</span> <span class='ocrx_word' id='word_1_86' title='bbox 1661 672 1766 707; x_wconf 86' lang='lat' dir='ltr'>actus</span> <span class='ocrx_word' id='word_1_87' title='bbox 1802 670 2053 709; x_wconf 83' lang='lat' dir='ltr'>distribuendi</span> <span class='ocrx_word' id='word_1_88' title='bbox 2080 685 2155 710; x_wconf 87' lang='lat' dir='ltr'>uon</span> <span class='ocrx_word' id='word_1_89' title='bbox 2181 675 2220 710; x_wconf 88' lang='lat' dir='ltr'>in</span> 
     </span>
     <span class='ocr_line' id='line_1_9' title="bbox 174 739 2221 792; baseline 0.004 -15"><span class='ocrx_word' id='word_1_90' title='bbox 174 739 366 788; x_wconf 84' lang='lat' dir='ltr'>Graecos,</span> <span class='ocrx_word' id='word_1_91' title='bbox 394 741 461 779; x_wconf 84' lang='lat' dir='ltr'>sed</span> <span class='ocrx_word' id='word_1_92' title='bbox 488 742 528 780; x_wconf 89' lang='lat' dir='ltr'>in</span> <span class='ocrx_word' id='word_1_93' title='bbox 550 742 738 781; x_wconf 90' lang='lat' dir='ltr'>Romanos</span> <span class='ocrx_word' id='word_1_94' title='bbox 765 743 911 790; x_wconf 88' lang='lat' dir='ltr'>cadere,</span> <span class='ocrx_word' id='word_1_95' title='bbox 937 754 1062 792; x_wconf 87' lang='lat' dir='ltr'>neque</span> <span class='ocrx_word' id='word_1_96' title='bbox 1088 755 1110 780; x_wconf 93' lang='lat' dir='ltr'>a</span> <span class='ocrx_word' id='word_1_97' title='bbox 1138 743 1318 789; x_wconf 87' lang='lat' dir='ltr'>Graecis,</span> <span class='ocrx_word' id='word_1_98' title='bbox 1345 742 1413 780; x_wconf 88' lang='lat' dir='ltr'>sed</span> <span class='ocrx_word' id='word_1_99' title='bbox 1439 754 1462 780; x_wconf 86' lang='lat' dir='ltr'>a</span> <span class='ocrx_word' id='word_1_100' title='bbox 1487 740 1665 780; x_wconf 84' lang='lat' dir='ltr'>Romanis</span> <span class='ocrx_word' id='word_1_101' title='bbox 1693 743 1902 791; x_wconf 85' lang='lat' dir='ltr'>quinarium</span> <span class='ocrx_word' id='word_1_102' title='bbox 1927 744 2045 783; x_wconf 89' lang='lat' dir='ltr'>istum</span> <span class='ocrx_word' id='word_1_103' title='bbox 2070 750 2221 784; x_wconf 85' lang='lat' dir='ltr'>actuum</span> 
     </span>
     <span class='ocr_line' id='line_1_10' title="bbox 168 815 2220 868; baseline 0.002 -15"><span class='ocrx_word' id='word_1_104' title='bbox 168 824 361 853; x_wconf 83' lang='lat' dir='ltr'>nnmerum</span> <span class='ocrx_word' id='word_1_105' title='bbox 381 816 552 853; x_wconf 74' lang='lat' dir='ltr'>servari‘!</span> <span class='ocrx_word' id='word_1_106' title='bbox 602 817 713 867; x_wconf 83' lang='lat' dir='ltr'>Apud</span> <span class='ocrx_word' id='word_1_107' title='bbox 732 817 898 856; x_wconf 85' lang='lat' dir='ltr'>Graecos</span> <span class='ocrx_word' id='word_1_108' title='bbox 916 817 1014 854; x_wconf 92' lang='lat' dir='ltr'>enim</span> <span class='ocrx_word' id='word_1_109' title='bbox 1033 816 1266 865; x_wconf 76' lang='lat' dir='ltr'>antiquiores</span> <span class='ocrx_word' id='word_1_110' title='bbox 1285 815 1437 865; x_wconf 88' lang='lat' dir='ltr'>quidem</span> <span class='ocrx_word' id='word_1_111' title='bbox 1452 818 1532 853; x_wconf 86' lang='lat' dir='ltr'>tres</span> <span class='ocrx_word' id='word_1_112' title='bbox 1552 815 1787 865; x_wconf 89' lang='lat' dir='ltr'>potissimum</span> <span class='ocrx_word' id='word_1_113' title='bbox 1805 817 1999 856; x_wconf 83' lang='lat' dir='ltr'>distinctas</span> <span class='ocrx_word' id='word_1_114' title='bbox 2018 830 2105 857; x_wconf 77' lang='lat' dir='ltr'>esse</span> <span class='ocrx_word' id='word_1_115' title='bbox 2131 831 2220 868; x_wconf 82' lang='lat' dir='ltr'>par-</span> 
     </span>
     <span class='ocr_line' id='line_1_11' title="bbox 167 885 2220 939; baseline 0.003 -16"><span class='ocrx_word' id='word_1_116' title='bbox 167 890 227 924; x_wconf 82' lang='lat' dir='ltr'>tes</span> <span class='ocrx_word' id='word_1_117' title='bbox 253 886 482 934; x_wconf 84' lang='lat' dir='ltr'>fabularum,</span> <span class='ocrx_word' id='word_1_118' title='bbox 509 889 729 939; x_wconf 81' lang='lat' dir='ltr'>prologum,</span> <span class='ocrx_word' id='word_1_119' title='bbox 765 890 1001 939; x_wconf 87' lang='lat' dir='ltr'>episodium,</span> <span class='ocrx_word' id='word_1_120' title='bbox 1035 890 1323 938; x_wconf 80' lang='lat' dir='ltr'>catastrophen,</span> <span class='ocrx_word' id='word_1_121' title='bbox 1359 899 1406 926; x_wconf 88' lang='lat' dir='ltr'>ex</span> <span class='ocrx_word' id='word_1_122' title='bbox 1432 888 1648 926; x_wconf 84' lang='lat' dir='ltr'>Aristotelis</span> <span class='ocrx_word' id='word_1_123' title='bbox 1675 892 1745 926; x_wconf 86' lang='lat' dir='ltr'>art.</span> <span class='ocrx_word' id='word_1_124' title='bbox 1771 892 1876 939; x_wconf 87' lang='lat' dir='ltr'>poet.</span> <span class='ocrx_word' id='word_1_125' title='bbox 1903 885 1986 939; x_wconf 77' lang='lat' dir='ltr'>cap.</span> <span class='ocrx_word' id='word_1_126' title='bbox 2014 891 2077 928; x_wconf 83' lang='lat'>12.</span> <span class='ocrx_word' id='word_1_127' title='bbox 2104 891 2220 929; x_wconf 82' lang='lat' dir='ltr'>disci-</span> 
     </span>
     <span class='ocr_line' id='line_1_12' title="bbox 167 961 2220 1012; baseline 0.003 -16"><span class='ocrx_word' id='word_1_128' title='bbox 167 970 275 1005; x_wconf 84' lang='lat' dir='ltr'>mus;</span> <span class='ocrx_word' id='word_1_129' title='bbox 321 971 404 997; x_wconf 86' lang='lat' dir='ltr'>nam</span> <span class='ocrx_word' id='word_1_130' title='bbox 432 973 659 1010; x_wconf 86' lang='lat' dir='ltr'>quamquam</span> <span class='ocrx_word' id='word_1_131' title='bbox 685 963 764 1000; x_wconf 89' lang='lat' dir='ltr'>illic</span> <span class='ocrx_word' id='word_1_132' title='bbox 791 963 840 999; x_wconf 92' lang='lat' dir='ltr'>de</span> <span class='ocrx_word' id='word_1_133' title='bbox 865 962 1062 1012; x_wconf 82' lang='lat' dir='ltr'>tragoedia</span> <span class='ocrx_word' id='word_1_134' title='bbox 1087 974 1212 999; x_wconf 88' lang='lat' dir='ltr'>sermo</span> <span class='ocrx_word' id='word_1_135' title='bbox 1239 964 1318 1007; x_wconf 86' lang='lat' dir='ltr'>est,</span> <span class='ocrx_word' id='word_1_136' title='bbox 1344 961 1441 998; x_wconf 86' lang='lat' dir='ltr'>haec</span> <span class='ocrx_word' id='word_1_137' title='bbox 1467 965 1592 998; x_wconf 83' lang='lat' dir='ltr'>tamen</span> <span class='ocrx_word' id='word_1_138' title='bbox 1616 971 1681 998; x_wconf 81' lang='lat' dir='ltr'>res</span> <span class='ocrx_word' id='word_1_139' title='bbox 1707 961 1756 998; x_wconf 86' lang='lat' dir='ltr'>ad</span> <span class='ocrx_word' id='word_1_140' title='bbox 1781 964 1899 999; x_wconf 80' lang='lat' dir='ltr'>totam</span> <span class='ocrx_word' id='word_1_141' title='bbox 1924 974 2006 1000; x_wconf 90' lang='lat' dir='ltr'>rem</span> <span class='ocrx_word' id='word_1_142' title='bbox 2033 965 2220 1002; x_wconf 73' lang='lat' dir='ltr'>scenicam</span> 
     </span>
     <span class='ocr_line' id='line_1_13' title="bbox 168 1030 2221 1084; baseline 0.002 -15"><span class='ocrx_word' id='word_1_143' title='bbox 168 1032 353 1081; x_wconf 83' lang='lat' dir='ltr'>pertinet,</span> <span class='ocrx_word' id='word_1_144' title='bbox 388 1037 429 1070; x_wconf 91' lang='lat' dir='ltr'>et</span> <span class='ocrx_word' id='word_1_145' title='bbox 462 1034 509 1071; x_wconf 88' lang='lat' dir='ltr'>ad</span> <span class='ocrx_word' id='word_1_146' title='bbox 534 1035 734 1084; x_wconf 83' lang='lat' dir='ltr'>tragicam,</span> <span class='ocrx_word' id='word_1_147' title='bbox 771 1038 810 1072; x_wconf 91' lang='lat' dir='ltr'>et</span> <span class='ocrx_word' id='word_1_148' title='bbox 837 1035 884 1072; x_wconf 87' lang='lat' dir='ltr'>ad</span> <span class='ocrx_word' id='word_1_149' title='bbox 912 1036 1101 1073; x_wconf 90' lang='lat' dir='ltr'>comicam.</span> <span class='ocrx_word' id='word_1_150' title='bbox 1156 1033 1286 1071; x_wconf 87' lang='lat' dir='ltr'>choro</span> <span class='ocrx_word' id='word_1_151' title='bbox 1313 1036 1438 1070; x_wconf 89' lang='lat' dir='ltr'>autem</span> <span class='ocrx_word' id='word_1_152' title='bbox 1464 1030 1633 1083; x_wconf 76' lang='lat' dir='ltr'>singulae</span> <span class='ocrx_word' id='word_1_153' title='bbox 1657 1036 1787 1083; x_wconf 87' lang='lat' dir='ltr'>partes</span> <span class='ocrx_word' id='word_1_154' title='bbox 1814 1035 2092 1084; x_wconf 79' lang='lat' dir='ltr'>separabantur.</span> <span class='ocrx_word' id='word_1_155' title='bbox 2145 1036 2221 1075; x_wconf 77' lang='lat' dir='ltr'>Hie</span> 
     </span>
     <span class='ocr_line' id='line_1_14' title="bbox 166 1105 2219 1157; baseline 0.002 -15"><span class='ocrx_word' id='word_1_156' title='bbox 166 1109 292 1143; x_wconf 86' lang='lat' dir='ltr'>tamen</span> <span class='ocrx_word' id='word_1_157' title='bbox 317 1117 495 1144; x_wconf 88' lang='lat' dir='ltr'>numerus</span> <span class='ocrx_word' id='word_1_158' title='bbox 522 1109 707 1145; x_wconf 87' lang='lat' dir='ltr'>ternarius</span> <span class='ocrx_word' id='word_1_159' title='bbox 733 1108 839 1145; x_wconf 87' lang='lat' dir='ltr'>brevi</span> <span class='ocrx_word' id='word_1_160' title='bbox 865 1109 904 1145; x_wconf 91' lang='lat' dir='ltr'>in</span> <span class='ocrx_word' id='word_1_161' title='bbox 932 1107 1212 1157; x_wconf 87' lang='lat' dir='ltr'>quaternarium</span> <span class='ocrx_word' id='word_1_162' title='bbox 1239 1106 1380 1143; x_wconf 87' lang='lat' dir='ltr'>abiisse</span> <span class='ocrx_word' id='word_1_163' title='bbox 1404 1105 1565 1151; x_wconf 82' lang='lat' dir='ltr'>videtur,</span> <span class='ocrx_word' id='word_1_164' title='bbox 1597 1105 1774 1155; x_wconf 84' lang='lat' dir='ltr'>episodio</span> <span class='ocrx_word' id='word_1_165' title='bbox 1799 1106 1839 1143; x_wconf 92' lang='lat' dir='ltr'>in</span> <span class='ocrx_word' id='word_1_166' title='bbox 1865 1106 1957 1145; x_wconf 87' lang='lat' dir='ltr'>duas</span> <span class='ocrx_word' id='word_1_167' title='bbox 1983 1112 2112 1157; x_wconf 86' lang='lat' dir='ltr'>partes</span> <span class='ocrx_word' id='word_1_168' title='bbox 2140 1109 2219 1146; x_wconf 82' lang='lat' dir='ltr'>dis-</span> 
     </span>
     <span class='ocr_line' id='line_1_15' title="bbox 166 1177 2220 1230; baseline 0.002 -15"><span class='ocrx_word' id='word_1_169' title='bbox 166 1180 301 1224; x_wconf 88' lang='lat' dir='ltr'>tracto,</span> <span class='ocrx_word' id='word_1_170' title='bbox 328 1179 367 1216; x_wconf 91' lang='lat' dir='ltr'>in</span> <span class='ocrx_word' id='word_1_171' title='bbox 393 1180 562 1228; x_wconf 77' lang='lat' dir='ltr'>protasia</span> <span class='ocrx_word' id='word_1_172' title='bbox 589 1184 628 1218; x_wconf 90' lang='lat' dir='ltr'>et</span> <span class='ocrx_word' id='word_1_173' title='bbox 653 1181 692 1218; x_wconf 91' lang='lat' dir='ltr'>in</span> <span class='ocrx_word' id='word_1_174' title='bbox 718 1180 900 1230; x_wconf 86' lang='lat' dir='ltr'>epitasin;</span> <span class='ocrx_word' id='word_1_175' title='bbox 952 1181 993 1218; x_wconf 92' lang='lat' dir='ltr'>id</span> <span class='ocrx_word' id='word_1_176' title='bbox 1022 1180 1124 1229; x_wconf 90' lang='lat' dir='ltr'>quod</span> <span class='ocrx_word' id='word_1_177' title='bbox 1151 1179 1264 1217; x_wconf 89' lang='lat' dir='ltr'>docet</span> <span class='ocrx_word' id='word_1_178' title='bbox 1279 1178 1448 1216; x_wconf 85' lang='lat' dir='ltr'>Donatus</span> <span class='ocrx_word' id='word_1_179' title='bbox 1474 1178 1512 1215; x_wconf 89' lang='lat' dir='ltr'>in</span> <span class='ocrx_word' id='word_1_180' title='bbox 1539 1178 1613 1215; x_wconf 84' lang='lat' dir='ltr'>isto</span> <span class='ocrx_word' id='word_1_181' title='bbox 1641 1177 1852 1228; x_wconf 78' lang='lat' dir='ltr'>fragmento</span> <span class='ocrx_word' id='word_1_182' title='bbox 1879 1179 1929 1218; x_wconf 82' lang='lat' dir='ltr'>de</span> <span class='ocrx_word' id='word_1_183' title='bbox 1956 1181 2152 1219; x_wconf 75' lang='lat' dir='ltr'>comoedia</span> <span class='ocrx_word' id='word_1_184' title='bbox 2178 1187 2220 1219; x_wconf 81' lang='lat' dir='ltr'>et</span> 
     </span>
     <span class='ocr_line' id='line_1_16' title="bbox 169 1250 2220 1304; baseline 0.001 -16"><span class='ocrx_word' id='word_1_185' title='bbox 169 1250 484 1302; x_wconf 81' lang='lat' dir='ltr'>tragoedia***),</span> <span class='ocrx_word' id='word_1_186' title='bbox 512 1254 576 1290; x_wconf 89' lang='lat' dir='ltr'>ubi</span> <span class='ocrx_word' id='word_1_187' title='bbox 602 1254 697 1290; x_wconf 86' lang='lat' dir='ltr'>haec</span> <span class='ocrx_word' id='word_1_188' title='bbox 721 1253 922 1290; x_wconf 86' lang='lat' dir='ltr'>habemus:</span> <span class='ocrx_word' id='word_1_189' title='bbox 966 1253 1213 1299; x_wconf 83' lang='lat' dir='ltr'>„Comoedia</span> <span class='ocrx_word' id='word_1_190' title='bbox 1240 1255 1366 1289; x_wconf 89' lang='lat' dir='ltr'>autem</span> <span class='ocrx_word' id='word_1_191' title='bbox 1392 1251 1573 1288; x_wconf 85' lang='lat' dir='ltr'>dividitur</span> <span class='ocrx_word' id='word_1_192' title='bbox 1597 1251 1636 1288; x_wconf 87' lang='lat' dir='ltr'>in</span> <span class='ocrx_word' id='word_1_193' title='bbox 1656 1255 1820 1299; x_wconf 83' lang='lat' dir='ltr'>quatuor</span> <span class='ocrx_word' id='word_1_194' title='bbox 1835 1255 1980 1301; x_wconf 86' lang='lat' dir='ltr'>partes,</span> <span class='ocrx_word' id='word_1_195' title='bbox 2005 1254 2220 1304; x_wconf 76' lang='lat' dir='ltr'>prologum,</span> 
     </span>
     <span class='ocr_line' id='line_1_17' title="bbox 168 1323 2221 1375; baseline 0.001 -13"><span class='ocrx_word' id='word_1_196' title='bbox 168 1326 389 1373; x_wconf 71' lang='lat' dir='ltr'>,‚protasin,</span> <span class='ocrx_word' id='word_1_197' title='bbox 425 1325 606 1374; x_wconf 82' lang='lat' dir='ltr'>epitasin,</span> <span class='ocrx_word' id='word_1_198' title='bbox 641 1326 967 1375; x_wconf 85' lang='lat' dir='ltr'>catastrophea;“</span> <span class='ocrx_word' id='word_1_199' title='bbox 1021 1325 1102 1362; x_wconf 93' lang='lat' dir='ltr'>illic</span> <span class='ocrx_word' id='word_1_200' title='bbox 1137 1326 1238 1362; x_wconf 91' lang='lat' dir='ltr'>enim</span> <span class='ocrx_word' id='word_1_201' title='bbox 1272 1324 1322 1362; x_wconf 91' lang='lat' dir='ltr'>de</span> <span class='ocrx_word' id='word_1_202' title='bbox 1349 1324 1602 1370; x_wconf 76' lang='lat' dir='ltr'>Graecorum,</span> <span class='ocrx_word' id='word_1_203' title='bbox 1637 1334 1715 1362; x_wconf 88' lang='lat' dir='ltr'>non</span> <span class='ocrx_word' id='word_1_204' title='bbox 1741 1323 1791 1362; x_wconf 84' lang='lat' dir='ltr'>de</span> <span class='ocrx_word' id='word_1_205' title='bbox 1816 1323 2069 1364; x_wconf 86' lang='lat' dir='ltr'>Romanorum</span> <span class='ocrx_word' id='word_1_206' title='bbox 2095 1326 2221 1365; x_wconf 82' lang='lat' dir='ltr'>fabula</span> 
     </span>
     <span class='ocr_line' id='line_1_18' title="bbox 167 1395 2219 1450; baseline 0.001 -15"><span class='ocrx_word' id='word_1_207' title='bbox 167 1397 314 1436; x_wconf 86' lang='lat' dir='ltr'>scenica</span> <span class='ocrx_word' id='word_1_208' title='bbox 348 1409 559 1436; x_wconf 86' lang='lat' dir='ltr'>sermonem</span> <span class='ocrx_word' id='word_1_209' title='bbox 595 1410 681 1437; x_wconf 90' lang='lat' dir='ltr'>esse</span> <span class='ocrx_word' id='word_1_210' title='bbox 714 1401 832 1448; x_wconf 90' lang='lat' dir='ltr'>puto,</span> <span class='ocrx_word' id='word_1_211' title='bbox 864 1399 938 1436; x_wconf 87' lang='lat' dir='ltr'>etsi</span> <span class='ocrx_word' id='word_1_212' title='bbox 964 1398 1004 1436; x_wconf 92' lang='lat' dir='ltr'>in</span> <span class='ocrx_word' id='word_1_213' title='bbox 1029 1397 1246 1435; x_wconf 86' lang='lat' dir='ltr'>universum</span> <span class='ocrx_word' id='word_1_214' title='bbox 1272 1395 1524 1446; x_wconf 84' lang='lat' dir='ltr'>fragmentum</span> <span class='ocrx_word' id='word_1_215' title='bbox 1548 1396 1624 1435; x_wconf 89' lang='lat' dir='ltr'>hoc</span> <span class='ocrx_word' id='word_1_216' title='bbox 1648 1396 1759 1436; x_wconf 82' lang='lat' dir='ltr'>valde</span> <span class='ocrx_word' id='word_1_217' title='bbox 1783 1397 1994 1436; x_wconf 89' lang='lat' dir='ltr'>mutilatum</span> <span class='ocrx_word' id='word_1_218' title='bbox 2020 1409 2108 1438; x_wconf 79' lang='lat' dir='ltr'>esse</span> <span class='ocrx_word' id='word_1_219' title='bbox 2134 1400 2219 1450; x_wconf 86' lang='lat' dir='ltr'>opi-</span> 
     </span>
     <span class='ocr_line' id='line_1_19' title="bbox 165 1467 2221 1521; baseline 0.001 -13"><span class='ocrx_word' id='word_1_220' title='bbox 165 1481 249 1508; x_wconf 89' lang='lat' dir='ltr'>nor.</span> <span class='ocrx_word' id='word_1_221' title='bbox 303 1470 398 1507; x_wconf 86' lang='lat' dir='ltr'>Cum</span> <span class='ocrx_word' id='word_1_222' title='bbox 424 1481 516 1507; x_wconf 86' lang='lat' dir='ltr'>vero</span> <span class='ocrx_word' id='word_1_223' title='bbox 544 1471 615 1508; x_wconf 88' lang='lat' dir='ltr'>iam</span> <span class='ocrx_word' id='word_1_224' title='bbox 651 1471 752 1521; x_wconf 91' lang='lat' dir='ltr'>apud</span> <span class='ocrx_word' id='word_1_225' title='bbox 779 1470 1030 1519; x_wconf 84' lang='lat' dir='ltr'>Sophoclem,</span> <span class='ocrx_word' id='word_1_226' title='bbox 1070 1472 1116 1507; x_wconf 88' lang='lat' dir='ltr'>ut</span> <span class='ocrx_word' id='word_1_227' title='bbox 1150 1470 1190 1507; x_wconf 89' lang='lat' dir='ltr'>in</span> <span class='ocrx_word' id='word_1_228' title='bbox 1218 1468 1366 1518; x_wconf 85' lang='lat' dir='ltr'>Oedipo</span> <span class='ocrx_word' id='word_1_229' title='bbox 1392 1467 1570 1518; x_wconf 79' lang='lat' dir='ltr'>Tyranno</span> <span class='ocrx_word' id='word_1_230' title='bbox 1587 1467 1660 1518; x_wconf 80' lang='lat'>†),</span> <span class='ocrx_word' id='word_1_231' title='bbox 1698 1469 1869 1519; x_wconf 85' lang='lat' dir='ltr'>quinque</span> <span class='ocrx_word' id='word_1_232' title='bbox 1893 1468 1979 1508; x_wconf 80' lang='lat' dir='ltr'>fere</span> <span class='ocrx_word' id='word_1_233' title='bbox 2005 1473 2136 1521; x_wconf 83' lang='lat' dir='ltr'>partes</span> <span class='ocrx_word' id='word_1_234' title='bbox 2161 1470 2221 1510; x_wconf 82' lang='lat' dir='ltr'>fa-</span> 
     </span>
     <span class='ocr_line' id='line_1_20' title="bbox 165 1541 2221 1592; baseline 0 -13"><span class='ocrx_word' id='word_1_235' title='bbox 165 1543 240 1579; x_wconf 83' lang='lat' dir='ltr'>cile</span> <span class='ocrx_word' id='word_1_236' title='bbox 256 1543 416 1578; x_wconf 83' lang='lat' dir='ltr'>discerni</span> <span class='ocrx_word' id='word_1_237' title='bbox 433 1543 594 1590; x_wconf 88' lang='lat' dir='ltr'>possint,</span> <span class='ocrx_word' id='word_1_238' title='bbox 623 1544 725 1592; x_wconf 89' lang='lat' dir='ltr'>quod</span> <span class='ocrx_word' id='word_1_239' title='bbox 742 1544 870 1579; x_wconf 90' lang='lat' dir='ltr'>nescio</span> <span class='ocrx_word' id='word_1_240' title='bbox 890 1554 935 1578; x_wconf 89' lang='lat' dir='ltr'>an</span> <span class='ocrx_word' id='word_1_241' title='bbox 950 1543 1069 1590; x_wconf 86' lang='lat' dir='ltr'>magis</span> <span class='ocrx_word' id='word_1_242' title='bbox 1090 1543 1203 1578; x_wconf 88' lang='lat' dir='ltr'>etiam</span> <span class='ocrx_word' id='word_1_243' title='bbox 1220 1542 1259 1577; x_wconf 92' lang='lat' dir='ltr'>in</span> <span class='ocrx_word' id='word_1_244' title='bbox 1285 1541 1516 1578; x_wconf 84' lang='lat' dir='ltr'>comoediam</span> <span class='ocrx_word' id='word_1_245' title='bbox 1542 1541 1726 1578; x_wconf 81' lang='lat' dir='ltr'>ceciderit</span> <span class='ocrx_word' id='word_1_246' title='bbox 1734 1541 1824 1589; x_wconf 83' lang='lat'>††),</span> <span class='ocrx_word' id='word_1_247' title='bbox 1851 1542 2017 1579; x_wconf 85' lang='lat' dir='ltr'>fortasse</span> <span class='ocrx_word' id='word_1_248' title='bbox 2030 1544 2105 1579; x_wconf 83' lang='lat' dir='ltr'>iam</span> <span class='ocrx_word' id='word_1_249' title='bbox 2120 1544 2221 1591; x_wconf 83' lang='lat' dir='ltr'>apud</span> 
     </span>
     <span class='ocr_line' id='line_1_21' title="bbox 166 1613 2220 1664; baseline 0 -10"><span class='ocrx_word' id='word_1_250' title='bbox 166 1616 348 1662; x_wconf 82' lang='lat' dir='ltr'>Graecos,</span> <span class='ocrx_word' id='word_1_251' title='bbox 375 1618 419 1652; x_wconf 93' lang='lat' dir='ltr'>ut</span> <span class='ocrx_word' id='word_1_252' title='bbox 445 1615 530 1664; x_wconf 88' lang='lat' dir='ltr'>ipse</span> <span class='ocrx_word' id='word_1_253' title='bbox 556 1614 763 1653; x_wconf 83' lang='lat' dir='ltr'>Evanthius</span> <span class='ocrx_word' id='word_1_254' title='bbox 789 1615 999 1664; x_wconf 83' lang='lat' dir='ltr'>significat,</span> <span class='ocrx_word' id='word_1_255' title='bbox 1024 1615 1065 1653; x_wconf 91' lang='lat' dir='ltr'>in</span> <span class='ocrx_word' id='word_1_256' title='bbox 1091 1626 1191 1652; x_wconf 79' lang='lat' dir='ltr'>nova</span> <span class='ocrx_word' id='word_1_257' title='bbox 1217 1613 1413 1652; x_wconf 86' lang='lat' dir='ltr'>comoedia</span> <span class='ocrx_word' id='word_1_258' title='bbox 1437 1614 1499 1651; x_wconf 90' lang='lat' dir='ltr'>isti</span> <span class='ocrx_word' id='word_1_259' title='bbox 1527 1613 1695 1662; x_wconf 87' lang='lat' dir='ltr'>quinque</span> <span class='ocrx_word' id='word_1_260' title='bbox 1721 1617 1828 1652; x_wconf 89' lang='lat' dir='ltr'>actus</span> <span class='ocrx_word' id='word_1_261' title='bbox 1855 1619 1944 1653; x_wconf 89' lang='lat' dir='ltr'>sunt</span> <span class='ocrx_word' id='word_1_262' title='bbox 1970 1616 2066 1661; x_wconf 79' lang='lat' dir='ltr'>orti3</span> <span class='ocrx_word' id='word_1_263' title='bbox 2119 1616 2220 1655; x_wconf 84' lang='lat' dir='ltr'>unde</span> 
     </span>
     <span class='ocr_line' id='line_1_22' title="bbox 164 1684 2218 1738; baseline 0 -13"><span class='ocrx_word' id='word_1_264' title='bbox 164 1687 325 1727; x_wconf 86' lang='lat' dir='ltr'>Romani</span> <span class='ocrx_word' id='word_1_265' title='bbox 350 1689 591 1736; x_wconf 87' lang='lat' dir='ltr'>receperunt,</span> <span class='ocrx_word' id='word_1_266' title='bbox 619 1686 802 1736; x_wconf 81' lang='lat' dir='ltr'>firmaque</span> <span class='ocrx_word' id='word_1_267' title='bbox 828 1684 912 1724; x_wconf 82' lang='lat' dir='ltr'>fere</span> <span class='ocrx_word' id='word_1_268' title='bbox 938 1685 1027 1735; x_wconf 85' lang='lat' dir='ltr'>lege</span> <span class='ocrx_word' id='word_1_269' title='bbox 1052 1696 1251 1723; x_wconf 86' lang='lat' dir='ltr'>numerum</span> <span class='ocrx_word' id='word_1_270' title='bbox 1279 1685 1490 1734; x_wconf 90' lang='lat' dir='ltr'>quinarium</span> <span class='ocrx_word' id='word_1_271' title='bbox 1517 1688 1732 1732; x_wconf 83' lang='lat' dir='ltr'>servarunt,</span> <span class='ocrx_word' id='word_1_272' title='bbox 1767 1685 1880 1724; x_wconf 85' lang='lat' dir='ltr'>sicuti</span> <span class='ocrx_word' id='word_1_273' title='bbox 1907 1686 1981 1725; x_wconf 90' lang='lat' dir='ltr'>iam</span> <span class='ocrx_word' id='word_1_274' title='bbox 2008 1686 2109 1738; x_wconf 87' lang='lat' dir='ltr'>apud</span> <span class='ocrx_word' id='word_1_275' title='bbox 2135 1687 2218 1726; x_wconf 79' lang='lat' dir='ltr'>Ho-</span> 
     </span>
     <span class='ocr_line' id='line_1_23' title="bbox 163 1759 1482 1809; baseline -0.003 -10"><span class='ocrx_word' id='word_1_276' title='bbox 163 1761 299 1799; x_wconf 84' lang='lat' dir='ltr'>ratium</span> <span class='ocrx_word' id='word_1_277' title='bbox 325 1760 499 1809; x_wconf 74' lang='lat' dir='ltr'>legimuS,</span> <span class='ocrx_word' id='word_1_278' title='bbox 528 1760 593 1807; x_wconf 88' lang='lat' dir='ltr'>qui</span> <span class='ocrx_word' id='word_1_279' title='bbox 618 1760 658 1796; x_wconf 91' lang='lat' dir='ltr'>in</span> <span class='ocrx_word' id='word_1_280' title='bbox 684 1760 780 1797; x_wconf 90' lang='lat' dir='ltr'>Arte</span> <span class='ocrx_word' id='word_1_281' title='bbox 804 1759 973 1805; x_wconf 88' lang='lat' dir='ltr'>Poetica,</span> <span class='ocrx_word' id='word_1_282' title='bbox 999 1759 1171 1795; x_wconf 88' lang='lat' dir='ltr'>versibus</span> <span class='ocrx_word' id='word_1_283' title='bbox 1200 1759 1290 1795; x_wconf 78' lang='lat'>189.</span> <span class='ocrx_word' id='word_1_284' title='bbox 1318 1761 1358 1795; x_wconf 89' lang='lat' dir='ltr'>et</span> <span class='ocrx_word' id='word_1_285' title='bbox 1383 1759 1482 1795; x_wconf 80' lang='lat'>19⁰:</span> 
     </span>
     <span class='ocr_line' id='line_1_24' title="bbox 674 1831 1643 1880; baseline -0.002 -10"><span class='ocrx_word' id='word_1_286' title='bbox 674 1831 782 1870; x_wconf 87' lang='lat' dir='ltr'>Neve</span> <span class='ocrx_word' id='word_1_287' title='bbox 807 1832 942 1878; x_wconf 88' lang='lat' dir='ltr'>minor,</span> <span class='ocrx_word' id='word_1_288' title='bbox 970 1843 1044 1870; x_wconf 90' lang='lat' dir='ltr'>neu</span> <span class='ocrx_word' id='word_1_289' title='bbox 1072 1832 1121 1869; x_wconf 90' lang='lat' dir='ltr'>sit</span> <span class='ocrx_word' id='word_1_290' title='bbox 1148 1832 1281 1880; x_wconf 88' lang='lat' dir='ltr'>quinto</span> <span class='ocrx_word' id='word_1_291' title='bbox 1307 1831 1530 1880; x_wconf 87' lang='lat' dir='ltr'>productior</span> <span class='ocrx_word' id='word_1_292' title='bbox 1556 1834 1643 1869; x_wconf 87' lang='lat' dir='ltr'>actu</span> 
     </span>
     <span class='ocr_line' id='line_1_25' title="bbox 676 1902 1774 1954; baseline -0.001 -13"><span class='ocrx_word' id='word_1_293' title='bbox 676 1903 832 1950; x_wconf 86' lang='lat' dir='ltr'>Fabula,</span> <span class='ocrx_word' id='word_1_294' title='bbox 861 1916 959 1953; x_wconf 87' lang='lat' dir='ltr'>quae</span> <span class='ocrx_word' id='word_1_295' title='bbox 985 1904 1094 1953; x_wconf 88' lang='lat' dir='ltr'>posci</span> <span class='ocrx_word' id='word_1_296' title='bbox 1120 1904 1201 1941; x_wconf 83' lang='lat' dir='ltr'>volt</span> <span class='ocrx_word' id='word_1_297' title='bbox 1228 1907 1269 1941; x_wconf 88' lang='lat' dir='ltr'>et</span> <span class='ocrx_word' id='word_1_298' title='bbox 1295 1907 1466 1953; x_wconf 86' lang='lat' dir='ltr'>spectata</span> <span class='ocrx_word' id='word_1_299' title='bbox 1491 1904 1644 1954; x_wconf 89' lang='lat' dir='ltr'>reponi.</span> <span class='ocrx_word' id='word_1_300' title='bbox 1662 1902 1774 1953; x_wconf 77' lang='lat'>†††)</span> 
     </span>
    </p>

    <p class='ocr_par' dir='ltr' id='par_1_3' title="bbox 163 1976 2216 2100">
     <span class='ocr_line' id='line_1_26' title="bbox 163 1976 2215 2030; baseline 0 -13"><span class='ocrx_word' id='word_1_301' title='bbox 163 1981 288 2030; x_wconf 85' lang='lat' dir='ltr'>legem</span> <span class='ocrx_word' id='word_1_302' title='bbox 312 1978 409 2016; x_wconf 83' lang='lat' dir='ltr'>hanc</span> <span class='ocrx_word' id='word_1_303' title='bbox 434 1977 612 2027; x_wconf 85' lang='lat' dir='ltr'>proponit</span> <span class='ocrx_word' id='word_1_304' title='bbox 635 1976 851 2027; x_wconf 83' lang='lat' dir='ltr'>religiosius</span> <span class='ocrx_word' id='word_1_305' title='bbox 877 1978 1004 2026; x_wconf 88' lang='lat' dir='ltr'>poetis</span> <span class='ocrx_word' id='word_1_306' title='bbox 1031 1977 1261 2015; x_wconf 86' lang='lat' dir='ltr'>servandam.</span> <span class='ocrx_word' id='word_1_307' title='bbox 1316 1978 1392 2026; x_wconf 74' lang='lat' dir='ltr'>Qui</span> <span class='ocrx_word' id='word_1_308' title='bbox 1414 1979 1514 2015; x_wconf 89' lang='lat' dir='ltr'>enim</span> <span class='ocrx_word' id='word_1_309' title='bbox 1540 1977 1651 2014; x_wconf 87' lang='lat' dir='ltr'>aliter</span> <span class='ocrx_word' id='word_1_310' title='bbox 1676 1977 1763 2014; x_wconf 82' lang='lat' dir='ltr'>fieri</span> <span class='ocrx_word' id='word_1_311' title='bbox 1787 1977 1991 2026; x_wconf 87' lang='lat' dir='ltr'>potuisset,</span> <span class='ocrx_word' id='word_1_312' title='bbox 2017 1981 2060 2015; x_wconf 92' lang='lat' dir='ltr'>ut</span> <span class='ocrx_word' id='word_1_313' title='bbox 2075 1976 2215 2017; x_wconf 82' lang='lat' dir='ltr'>Roma-</span> 
     </span>
     <span class='ocr_line' id='line_1_27' title="bbox 164 2048 2216 2100; baseline -0.001 -8"><span class='ocrx_word' id='word_1_314' title='bbox 164 2054 203 2092; x_wconf 89' lang='lat' dir='ltr'>ni</span> <span class='ocrx_word' id='word_1_315' title='bbox 228 2053 281 2090; x_wconf 88' lang='lat' dir='ltr'>ita</span> <span class='ocrx_word' id='word_1_316' title='bbox 307 2054 527 2096; x_wconf 87' lang='lat' dir='ltr'>statuerent,</span> <span class='ocrx_word' id='word_1_317' title='bbox 553 2050 624 2087; x_wconf 90' lang='lat' dir='ltr'>nisi</span> <span class='ocrx_word' id='word_1_318' title='bbox 652 2050 899 2100; x_wconf 87' lang='lat' dir='ltr'>praeivissent</span> <span class='ocrx_word' id='word_1_319' title='bbox 924 2050 1075 2096; x_wconf 87' lang='lat' dir='ltr'>Graeci,</span> <span class='ocrx_word' id='word_1_320' title='bbox 1104 2062 1200 2099; x_wconf 89' lang='lat' dir='ltr'>quos</span> <span class='ocrx_word' id='word_1_321' title='bbox 1232 2051 1271 2088; x_wconf 90' lang='lat' dir='ltr'>in</span> <span class='ocrx_word' id='word_1_322' title='bbox 1295 2050 1356 2088; x_wconf 89' lang='lat' dir='ltr'>his</span> <span class='ocrx_word' id='word_1_323' title='bbox 1382 2050 1497 2088; x_wconf 88' lang='lat' dir='ltr'>rebus</span> <span class='ocrx_word' id='word_1_324' title='bbox 1523 2048 1681 2087; x_wconf 89' lang='lat' dir='ltr'>Romani</span> <span class='ocrx_word' id='word_1_325' title='bbox 1705 2049 1789 2087; x_wconf 83' lang='lat' dir='ltr'>fere</span> <span class='ocrx_word' id='word_1_326' title='bbox 1814 2050 1926 2087; x_wconf 85' lang='lat' dir='ltr'>unice</span> <span class='ocrx_word' id='word_1_327' title='bbox 1953 2050 2074 2088; x_wconf 86' lang='lat' dir='ltr'>secuti</span> <span class='ocrx_word' id='word_1_328' title='bbox 2099 2052 2216 2089; x_wconf 60' lang='lat' dir='ltr'>sunt?</span> 
     </span>
    </p>

    <p class='ocr_par' dir='ltr' id='par_1_4' title="bbox 164 2120 2217 2319">
     <span class='ocr_line' id='line_1_28' title="bbox 271 2120 2217 2174; baseline 0.001 -13"><span class='ocrx_word' id='word_1_329' title='bbox 271 2122 366 2162; x_wconf 90' lang='lat' dir='ltr'>Post</span> <span class='ocrx_word' id='word_1_330' title='bbox 394 2122 595 2161; x_wconf 86' lang='lat' dir='ltr'>Horatium</span> <span class='ocrx_word' id='word_1_331' title='bbox 630 2122 679 2161; x_wconf 92' lang='lat' dir='ltr'>de</span> <span class='ocrx_word' id='word_1_332' title='bbox 713 2122 855 2161; x_wconf 88' lang='lat' dir='ltr'>actibus</span> <span class='ocrx_word' id='word_1_333' title='bbox 890 2121 1153 2161; x_wconf 86' lang='lat' dir='ltr'>disseruerunt</span> <span class='ocrx_word' id='word_1_334' title='bbox 1184 2123 1420 2174; x_wconf 85' lang='lat' dir='ltr'>posteriores</span> <span class='ocrx_word' id='word_1_335' title='bbox 1455 2121 1709 2173; x_wconf 83' lang='lat' dir='ltr'>grammatici,</span> <span class='ocrx_word' id='word_1_336' title='bbox 1748 2124 1791 2160; x_wconf 90' lang='lat' dir='ltr'>ut</span> <span class='ocrx_word' id='word_1_337' title='bbox 1815 2120 1984 2160; x_wconf 87' lang='lat' dir='ltr'>Donatus</span> <span class='ocrx_word' id='word_1_338' title='bbox 2010 2122 2151 2172; x_wconf 86' lang='lat' dir='ltr'>passim</span> <span class='ocrx_word' id='word_1_339' title='bbox 2178 2123 2217 2162; x_wconf 88' lang='lat' dir='ltr'>in</span> 
     </span>
     <span class='ocr_line' id='line_1_29' title="bbox 165 2195 2215 2245; baseline -0.001 -11"><span class='ocrx_word' id='word_1_340' title='bbox 165 2197 345 2242; x_wconf 84' lang='lat' dir='ltr'>scholiis,</span> <span class='ocrx_word' id='word_1_341' title='bbox 383 2207 481 2244; x_wconf 87' lang='lat' dir='ltr'>quae</span> <span class='ocrx_word' id='word_1_342' title='bbox 514 2197 561 2233; x_wconf 86' lang='lat' dir='ltr'>ad</span> <span class='ocrx_word' id='word_1_343' title='bbox 588 2196 811 2233; x_wconf 88' lang='lat' dir='ltr'>Terentium</span> <span class='ocrx_word' id='word_1_344' title='bbox 836 2196 962 2241; x_wconf 89' lang='lat' dir='ltr'>dedit,</span> <span class='ocrx_word' id='word_1_345' title='bbox 996 2198 1041 2232; x_wconf 90' lang='lat' dir='ltr'>ut</span> <span class='ocrx_word' id='word_1_346' title='bbox 1066 2196 1107 2232; x_wconf 88' lang='lat' dir='ltr'>in</span> <span class='ocrx_word' id='word_1_347' title='bbox 1132 2206 1274 2245; x_wconf 85' lang='lat' dir='ltr'>argum.</span> <span class='ocrx_word' id='word_1_348' title='bbox 1301 2196 1468 2233; x_wconf 81' lang='lat' dir='ltr'>Andriae</span> <span class='ocrx_word' id='word_1_349' title='bbox 1494 2196 1563 2232; x_wconf 84' lang='lat' dir='ltr'>sub</span> <span class='ocrx_word' id='word_1_350' title='bbox 1589 2196 1676 2241; x_wconf 85' lang='lat' dir='ltr'>fin.,</span> <span class='ocrx_word' id='word_1_351' title='bbox 1713 2195 1754 2232; x_wconf 91' lang='lat' dir='ltr'>in</span> <span class='ocrx_word' id='word_1_352' title='bbox 1778 2195 1940 2245; x_wconf 82' lang='lat' dir='ltr'>praefat.</span> <span class='ocrx_word' id='word_1_353' title='bbox 1965 2195 2013 2232; x_wconf 91' lang='lat' dir='ltr'>ad</span> <span class='ocrx_word' id='word_1_354' title='bbox 2038 2196 2215 2245; x_wconf 65' lang='lat' dir='ltr'>Adelph,</span> 
     </span>
     <span class='ocr_line' id='line_1_30' title="bbox 164 2268 2214 2319; baseline -0.001 -11"><span class='ocrx_word' id='word_1_355' title='bbox 164 2273 204 2310; x_wconf 91' lang='lat' dir='ltr'>in</span> <span class='ocrx_word' id='word_1_356' title='bbox 230 2282 372 2319; x_wconf 85' lang='lat' dir='ltr'>argum.</span> <span class='ocrx_word' id='word_1_357' title='bbox 396 2270 590 2317; x_wconf 57' lang='lat' dir='ltr'>Hecyram</span> <span class='ocrx_word' id='word_1_358' title='bbox 643 2279 761 2317; x_wconf 88' lang='lat' dir='ltr'>porro</span> <span class='ocrx_word' id='word_1_359' title='bbox 786 2268 837 2305; x_wconf 92' lang='lat' dir='ltr'>de</span> <span class='ocrx_word' id='word_1_360' title='bbox 862 2269 1006 2305; x_wconf 84' lang='lat' dir='ltr'>actibus</span> <span class='ocrx_word' id='word_1_361' title='bbox 1034 2270 1189 2317; x_wconf 86' lang='lat' dir='ltr'>scripsit</span> <span class='ocrx_word' id='word_1_362' title='bbox 1211 2269 1421 2307; x_wconf 80' lang='lat' dir='ltr'>Evanthius</span> <span class='ocrx_word' id='word_1_363' title='bbox 1449 2280 1602 2316; x_wconf 82' lang='lat' dir='ltr'>quoque</span> <span class='ocrx_word' id='word_1_364' title='bbox 1625 2270 1665 2306; x_wconf 89' lang='lat' dir='ltr'>in</span> <span class='ocrx_word' id='word_1_365' title='bbox 1691 2269 1973 2314; x_wconf 85' lang='lat' dir='ltr'>commentario,</span> <span class='ocrx_word' id='word_1_366' title='bbox 2002 2279 2114 2316; x_wconf 82' lang='lat' dir='ltr'>quem</span> <span class='ocrx_word' id='word_1_367' title='bbox 2141 2270 2214 2306; x_wconf 87' lang='lat' dir='ltr'>iam</span> 
     </span>
    </p>
   </div>
   <div class='ocr_carea' id='block_1_3' title="bbox 163 2361 456 2370">
    <p class='ocr_par' dir='ltr' id='par_1_5' title="bbox 163 2361 456 2370">
     <span class='ocr_line' id='line_1_31' title="bbox 163 2361 456 2370; baseline 0 680"><span class='ocrx_word' id='word_1_368' title='bbox 163 2361 456 2370; x_wconf 95' lang='lat' dir='ltr'> </span> 
     </span>
    </p>
   </div>
   <div class='ocr_carea' id='block_1_4' title="bbox 205 2411 1647 2643">
    <p class='ocr_par' dir='ltr' id='par_1_6' title="bbox 206 2411 1215 2455">
     <span class='ocr_line' id='line_1_32' title="bbox 206 2411 1215 2455; baseline 0.001 -11"><span class='ocrx_word' id='word_1_369' title='bbox 206 2413 243 2453; x_wconf 69' lang='lat'>⁸)</span> <span class='ocrx_word' id='word_1_370' title='bbox 266 2412 364 2444; x_wconf 87' lang='lat' dir='ltr'>Cuius</span> <span class='ocrx_word' id='word_1_371' title='bbox 386 2412 484 2445; x_wconf 88' lang='lat' dir='ltr'>editio</span> <span class='ocrx_word' id='word_1_372' title='bbox 505 2411 679 2443; x_wconf 81' lang='lat' dir='ltr'>Mediolan.</span> <span class='ocrx_word' id='word_1_373' title='bbox 699 2420 784 2444; x_wconf 91' lang='lat' dir='ltr'>anno</span> <span class='ocrx_word' id='word_1_374' title='bbox 806 2412 889 2444; x_wconf 82' lang='lat'>1550</span> <span class='ocrx_word' id='word_1_375' title='bbox 911 2411 943 2443; x_wconf 86' lang='lat' dir='ltr'>in</span> <span class='ocrx_word' id='word_1_376' title='bbox 963 2412 1066 2445; x_wconf 88' lang='lat' dir='ltr'>lucem</span> <span class='ocrx_word' id='word_1_377' title='bbox 1087 2411 1215 2455; x_wconf 84' lang='lat' dir='ltr'>prodiit.</span> 
     </span>
    </p>

    <p class='ocr_par' dir='ltr' id='par_1_7' title="bbox 205 2473 1287 2515">
     <span class='ocr_line' id='line_1_33' title="bbox 205 2473 1287 2515; baseline 0.001 -9"><span class='ocrx_word' id='word_1_378' title='bbox 205 2475 257 2515; x_wconf 73' lang='lat'>·*)</span> <span class='ocrx_word' id='word_1_379' title='bbox 280 2475 378 2506; x_wconf 77' lang='lat' dir='ltr'>Cuius</span> <span class='ocrx_word' id='word_1_380' title='bbox 401 2474 498 2506; x_wconf 86' lang='lat' dir='ltr'>editio</span> <span class='ocrx_word' id='word_1_381' title='bbox 519 2473 637 2515; x_wconf 88' lang='lat' dir='ltr'>prodiit</span> <span class='ocrx_word' id='word_1_382' title='bbox 657 2474 800 2506; x_wconf 84' lang='lat' dir='ltr'>Florent.</span> <span class='ocrx_word' id='word_1_383' title='bbox 822 2483 906 2507; x_wconf 88' lang='lat' dir='ltr'>anno</span> <span class='ocrx_word' id='word_1_384' title='bbox 930 2475 1022 2513; x_wconf 81' lang='lat'>1514,</span> <span class='ocrx_word' id='word_1_385' title='bbox 1044 2474 1129 2515; x_wconf 86' lang='lat' dir='ltr'>apud</span> <span class='ocrx_word' id='word_1_386' title='bbox 1150 2475 1287 2507; x_wconf 84' lang='lat' dir='ltr'>Iuntam.</span> 
     </span>
    </p>

    <p class='ocr_par' dir='ltr' id='par_1_8' title="bbox 205 2533 1647 2643">
     <span class='ocr_line' id='line_1_34' title="bbox 205 2533 1647 2579; baseline 0.001 -10"><span class='ocrx_word' id='word_1_387' title='bbox 205 2536 278 2578; x_wconf 51' lang='lat' dir='ltr'>nt)</span> <span class='ocrx_word' id='word_1_388' title='bbox 301 2536 436 2577; x_wconf 84' lang='lat' dir='ltr'>Legitur</span> <span class='ocrx_word' id='word_1_389' title='bbox 456 2536 486 2568; x_wconf 87' lang='lat' dir='ltr'>in</span> <span class='ocrx_word' id='word_1_390' title='bbox 507 2534 720 2569; x_wconf 83' lang='lat' dir='ltr'>Westerhovii</span> <span class='ocrx_word' id='word_1_391' title='bbox 741 2536 883 2570; x_wconf 82' lang='lat' dir='ltr'>editione</span> <span class='ocrx_word' id='word_1_392' title='bbox 904 2534 981 2569; x_wconf 88' lang='lat' dir='ltr'>Ter.</span> <span class='ocrx_word' id='word_1_393' title='bbox 1003 2545 1032 2569; x_wconf 88' lang='lat' dir='ltr'>a.</span> <span class='ocrx_word' id='word_1_394' title='bbox 1055 2539 1138 2569; x_wconf 80' lang='grc'><strong>1726</strong></span> <span class='ocrx_word' id='word_1_395' title='bbox 1159 2541 1236 2570; x_wconf 89' lang='lat' dir='ltr'>tom.</span> <span class='ocrx_word' id='word_1_396' title='bbox 1257 2537 1285 2577; x_wconf 93' lang='lat'>1,</span> <span class='ocrx_word' id='word_1_397' title='bbox 1308 2545 1407 2579; x_wconf 79' lang='lat' dir='ltr'>pagg.</span> <span class='ocrx_word' id='word_1_398' title='bbox 1425 2533 1647 2570; x_wconf 81' lang='lat' dir='ltr'>LVII—mx.</span> 
     </span>
     <span class='ocr_line' id='line_1_35' title="bbox 205 2584 1226 2643; baseline 0.003 -14"><span class='ocrx_word' id='word_1_399' title='bbox 205 2599 247 2640; x_wconf 85' lang='lat'>†)</span> <span class='ocrx_word' id='word_1_400' title='bbox 270 2598 320 2630; x_wconf 86' lang='lat' dir='ltr'>Cf.</span> <span class='ocrx_word' id='word_1_401' title='bbox 342 2598 502 2630; x_wconf 81' lang='lat' dir='ltr'>Bliimner.</span> <span class='ocrx_word' id='word_1_402' title='bbox 523 2598 564 2631; x_wconf 80' lang='lat' dir='ltr'>de</span> <span class='ocrx_word' id='word_1_403' title='bbox 583 2597 746 2642; x_wconf 81' lang='lat' dir='ltr'>Sophoclis</span> <span class='ocrx_word' id='word_1_404' title='bbox 768 2598 888 2642; x_wconf 78' lang='lat' dir='ltr'>Oedipo</span> <span class='ocrx_word' id='word_1_405' title='bbox 907 2608 995 2643; x_wconf 81' lang='lat' dir='ltr'>rege,</span> <span class='ocrx_word' id='word_1_406' title='bbox 1022 2598 1110 2643; x_wconf 76' lang='lat' dir='ltr'>Lips.</span> <span class='ocrx_word' id='word_1_407' title='bbox 1133 2584 1226 2632; x_wconf 80' lang='grc'><strong>1788.</strong></span> 
     </span>
    </p>
   </div>
   <div class='ocr_carea' id='block_1_5' title="bbox 205 2657 2213 2858">
    <p class='ocr_par' dir='ltr' id='par_1_9' title="bbox 205 2657 2213 2858">
     <span class='ocr_line' id='line_1_36' title="bbox 205 2657 2213 2704; baseline -0.001 -11"><span class='ocrx_word' id='word_1_408' title='bbox 205 2661 270 2701; x_wconf 81' lang='lat'>††)</span> <span class='ocrx_word' id='word_1_409' title='bbox 293 2660 343 2693; x_wconf 83' lang='lat' dir='ltr'>Cf.</span> <span class='ocrx_word' id='word_1_410' title='bbox 375 2660 549 2694; x_wconf 84' lang='lat' dir='ltr'>Evanthius</span> <span class='ocrx_word' id='word_1_411' title='bbox 578 2661 619 2693; x_wconf 79' lang='lat' dir='ltr'>de</span> <span class='ocrx_word' id='word_1_412' title='bbox 645 2661 819 2704; x_wconf 77' lang='lat' dir='ltr'>tragoedia</span> <span class='ocrx_word' id='word_1_413' title='bbox 848 2665 880 2693; x_wconf 85' lang='lat' dir='ltr'>et</span> <span class='ocrx_word' id='word_1_414' title='bbox 908 2661 1069 2693; x_wconf 71' lang='lat' dir='ltr'>comoedia</span> <span class='ocrx_word' id='word_1_415' title='bbox 1097 2671 1173 2702; x_wconf 85' lang='lat' dir='ltr'>pag.</span> <span class='ocrx_word' id='word_1_416' title='bbox 1194 2660 1265 2694; x_wconf 87' lang='lat' dir='ltr'>LV.</span> <span class='ocrx_word' id='word_1_417' title='bbox 1294 2663 1325 2694; x_wconf 90' lang='lat' dir='ltr'>in</span> <span class='ocrx_word' id='word_1_418' title='bbox 1346 2660 1557 2694; x_wconf 80' lang='lat' dir='ltr'>Westerhovii</span> <span class='ocrx_word' id='word_1_419' title='bbox 1584 2659 1661 2692; x_wconf 84' lang='lat' dir='ltr'>edit.</span> <span class='ocrx_word' id='word_1_420' title='bbox 1689 2658 1785 2698; x_wconf 64' lang='lat' dir='ltr'>Ter„</span> <span class='ocrx_word' id='word_1_421' title='bbox 1813 2662 1889 2691; x_wconf 86' lang='lat' dir='ltr'>tom.</span> <span class='ocrx_word' id='word_1_422' title='bbox 1918 2657 1954 2696; x_wconf 90' lang='lat'>1,</span> <span class='ocrx_word' id='word_1_423' title='bbox 1982 2657 2036 2690; x_wconf 87' lang='lat' dir='ltr'>ubi</span> <span class='ocrx_word' id='word_1_424' title='bbox 2066 2659 2213 2699; x_wconf 81' lang='lat' dir='ltr'>leguntur</span> 
     </span>
     <span class='ocr_line' id='line_1_37' title="bbox 290 2709 2211 2756; baseline 0 -13"><span class='ocrx_word' id='word_1_425' title='bbox 290 2712 406 2744; x_wconf 81' lang='lat' dir='ltr'>verba:</span> <span class='ocrx_word' id='word_1_426' title='bbox 448 2711 660 2751; x_wconf 86' lang='lat' dir='ltr'>„Comoedia</span> <span class='ocrx_word' id='word_1_427' title='bbox 681 2717 791 2751; x_wconf 85' lang='lat' dir='ltr'>vetus,</span> <span class='ocrx_word' id='word_1_428' title='bbox 815 2716 851 2744; x_wconf 90' lang='lat' dir='ltr'>ut</span> <span class='ocrx_word' id='word_1_429' title='bbox 872 2713 912 2744; x_wconf 86' lang='lat' dir='ltr'>ab</span> <span class='ocrx_word' id='word_1_430' title='bbox 934 2713 1022 2745; x_wconf 86' lang='lat' dir='ltr'>initio</span> <span class='ocrx_word' id='word_1_431' title='bbox 1045 2711 1162 2745; x_wconf 79' lang='lat' dir='ltr'>chorus</span> <span class='ocrx_word' id='word_1_432' title='bbox 1183 2713 1258 2753; x_wconf 80' lang='lat' dir='ltr'>fuit,</span> <span class='ocrx_word' id='word_1_433' title='bbox 1291 2714 1505 2756; x_wconf 84' lang='lat' dir='ltr'>paulatimque</span> <span class='ocrx_word' id='word_1_434' title='bbox 1528 2720 1734 2754; x_wconf 75' lang='lat' dir='ltr'>personarmn</span> <span class='ocrx_word' id='word_1_435' title='bbox 1755 2718 1889 2743; x_wconf 85' lang='lat' dir='ltr'>numero</span> <span class='ocrx_word' id='word_1_436' title='bbox 1909 2709 1940 2742; x_wconf 85' lang='lat' dir='ltr'>in</span> <span class='ocrx_word' id='word_1_437' title='bbox 1962 2710 2100 2750; x_wconf 82' lang='lat' dir='ltr'>quinque</span> <span class='ocrx_word' id='word_1_438' title='bbox 2120 2716 2211 2743; x_wconf 81' lang='lat' dir='ltr'>actas</span> 
     </span>
     <span class='ocr_line' id='line_1_38' title="bbox 291 2761 2211 2806; baseline -0.001 -10"><span class='ocrx_word' id='word_1_439' title='bbox 291 2786 315 2804; x_wconf 91' lang='lat'>‚,</span> <span class='ocrx_word' id='word_1_440' title='bbox 325 2764 505 2806; x_wconf 78' lang='lat' dir='ltr'>processit,</span> <span class='ocrx_word' id='word_1_441' title='bbox 534 2764 581 2797; x_wconf 89' lang='lat' dir='ltr'>ita</span> <span class='ocrx_word' id='word_1_442' title='bbox 601 2765 753 2806; x_wconf 84' lang='lat' dir='ltr'>paulatim</span> <span class='ocrx_word' id='word_1_443' title='bbox 775 2764 862 2798; x_wconf 86' lang='lat' dir='ltr'>velut</span> <span class='ocrx_word' id='word_1_444' title='bbox 881 2766 993 2799; x_wconf 83' lang='lat' dir='ltr'>attrito</span> <span class='ocrx_word' id='word_1_445' title='bbox 1014 2769 1113 2806; x_wconf 83' lang='lat' dir='ltr'>atque</span> <span class='ocrx_word' id='word_1_446' title='bbox 1134 2769 1307 2800; x_wconf 85' lang='lat' dir='ltr'>extenuato</span> <span class='ocrx_word' id='word_1_447' title='bbox 1330 2765 1429 2800; x_wconf 88' lang='lat' dir='ltr'>choro</span> <span class='ocrx_word' id='word_1_448' title='bbox 1449 2766 1492 2798; x_wconf 88' lang='lat' dir='ltr'>ad</span> <span class='ocrx_word' id='word_1_449' title='bbox 1512 2773 1629 2798; x_wconf 84' lang='lat' dir='ltr'>novam</span> <span class='ocrx_word' id='word_1_450' title='bbox 1651 2762 1851 2797; x_wconf 84' lang='lat' dir='ltr'>comoediam</span> <span class='ocrx_word' id='word_1_451' title='bbox 1870 2761 1918 2794; x_wconf 76' lang='lat' dir='ltr'>sic</span> <span class='ocrx_word' id='word_1_452' title='bbox 1937 2763 2095 2803; x_wconf 81' lang='lat' dir='ltr'>pervenit,</span> <span class='ocrx_word' id='word_1_453' title='bbox 2124 2767 2158 2795; x_wconf 83' lang='lat' dir='ltr'>ut</span> <span class='ocrx_word' id='word_1_454' title='bbox 2179 2764 2211 2795; x_wconf 87' lang='lat' dir='ltr'>in</span> 
     </span>
     <span class='ocr_line' id='line_1_39' title="bbox 291 2813 1942 2858; baseline 0 -11"><span class='ocrx_word' id='word_1_455' title='bbox 291 2838 313 2854; x_wconf 84' lang='grc'>,.</span> <span class='ocrx_word' id='word_1_456' title='bbox 323 2825 364 2847; x_wconf 88' lang='lat' dir='ltr'>ea</span> <span class='ocrx_word' id='word_1_457' title='bbox 386 2825 450 2848; x_wconf 88' lang='lat' dir='ltr'>non</span> <span class='ocrx_word' id='word_1_458' title='bbox 469 2816 568 2849; x_wconf 87' lang='lat' dir='ltr'>modo</span> <span class='ocrx_word' id='word_1_459' title='bbox 590 2827 653 2852; x_wconf 87' lang='lat' dir='ltr'>non</span> <span class='ocrx_word' id='word_1_460' title='bbox 673 2816 840 2850; x_wconf 84' lang='lat' dir='ltr'>inducatur</span> <span class='ocrx_word' id='word_1_461' title='bbox 859 2816 985 2857; x_wconf 79' lang='lat' dir='ltr'>chorus,</span> <span class='ocrx_word' id='word_1_462' title='bbox 1008 2818 1067 2851; x_wconf 85' lang='lat' dir='ltr'>sed</span> <span class='ocrx_word' id='word_1_463' title='bbox 1087 2827 1129 2851; x_wconf 91' lang='lat' dir='ltr'>ne</span> <span class='ocrx_word' id='word_1_464' title='bbox 1149 2819 1238 2852; x_wconf 80' lang='lat' dir='ltr'>locus</span> <span class='ocrx_word' id='word_1_465' title='bbox 1259 2818 1387 2858; x_wconf 86' lang='lat' dir='ltr'>quidem</span> <span class='ocrx_word' id='word_1_466' title='bbox 1407 2818 1489 2850; x_wconf 84' lang='lat' dir='ltr'>ullus</span> <span class='ocrx_word' id='word_1_467' title='bbox 1509 2818 1572 2849; x_wconf 81' lang='lat' dir='ltr'>iam</span> <span class='ocrx_word' id='word_1_468' title='bbox 1591 2816 1783 2856; x_wconf 83' lang='lat' dir='ltr'>relinquatur</span> <span class='ocrx_word' id='word_1_469' title='bbox 1802 2813 1942 2847; x_wconf 77' lang='lat' dir='ltr'>choro.“</span> 
     </span>
    </p>
   </div>
   <div class='ocr_carea' id='block_1_6' title="bbox 207 2876 2211 3031">
    <p class='ocr_par' dir='ltr' id='par_1_10' title="bbox 207 2876 2211 3031">
     <span class='ocr_line' id='line_1_40' title="bbox 207 2876 2211 2924; baseline 0.004 -16"><span class='ocrx_word' id='word_1_470' title='bbox 207 2877 296 2920; x_wconf 81' lang='lat'><em>†††)</em></span> <span class='ocrx_word' id='word_1_471' title='bbox 318 2876 439 2915; x_wconf 83' lang='lat' dir='ltr'>Quidni</span> <span class='ocrx_word' id='word_1_472' title='bbox 459 2878 635 2911; x_wconf 79' lang='lat' dir='ltr'>scribamus</span> <span class='ocrx_word' id='word_1_473' title='bbox 657 2878 723 2912; x_wconf 85' lang='lat' dir='ltr'>hic:</span> <span class='ocrx_word' id='word_1_474' title='bbox 745 2894 819 2920; x_wconf 88' lang='lat'>‚‚—</span> <span class='ocrx_word' id='word_1_475' title='bbox 839 2883 874 2912; x_wconf 86' lang='lat' dir='ltr'>et</span> <span class='ocrx_word' id='word_1_476' title='bbox 895 2884 1042 2922; x_wconf 81' lang='lat' dir='ltr'>spectata</span> <span class='ocrx_word' id='word_1_477' title='bbox 1061 2880 1184 2924; x_wconf 78' lang='lat' dir='ltr'>reposci</span> <span class='ocrx_word' id='word_1_478' title='bbox 1191 2880 1209 2916; x_wconf 80' lang='grc'><strong><em>7</em></strong></span> <span class='ocrx_word' id='word_1_479' title='bbox 1216 2882 1238 2900; x_wconf 88' lang='grc'><strong><em>“</em></strong></span> <span class='ocrx_word' id='word_1_480' title='bbox 1259 2880 1444 2915; x_wconf 83' lang='lat' dir='ltr'>Putaverim</span> <span class='ocrx_word' id='word_1_481' title='bbox 1463 2884 1583 2921; x_wconf 79' lang='lat' dir='ltr'>tamen,</span> <span class='ocrx_word' id='word_1_482' title='bbox 1604 2878 1687 2913; x_wconf 79' lang='lat' dir='ltr'>hanc</span> <span class='ocrx_word' id='word_1_483' title='bbox 1707 2876 1932 2917; x_wconf 64' lang='lat' dir='ltr'>conicturam,</span> <span class='ocrx_word' id='word_1_484' title='bbox 1953 2879 1989 2909; x_wconf 78' lang='lat' dir='ltr'>ut</span> <span class='ocrx_word' id='word_1_485' title='bbox 2007 2876 2145 2917; x_wconf 65' lang='lat' dir='ltr'>facilen,</span> <span class='ocrx_word' id='word_1_486' title='bbox 2166 2876 2211 2910; x_wconf 62' lang='lat' dir='ltr'>it*</span> 
     </span>
     <span class='ocr_line' id='line_1_41' title="bbox 291 2929 1070 2973; baseline 0.008 -13"><span class='ocrx_word' id='word_1_487' title='bbox 291 2929 502 2969; x_wconf 86' lang='lat' dir='ltr'>commodam,</span> <span class='ocrx_word' id='word_1_488' title='bbox 525 2930 567 2962; x_wconf 90' lang='lat' dir='ltr'>ab</span> <span class='ocrx_word' id='word_1_489' title='bbox 589 2931 661 2963; x_wconf 75' lang='lat' dir='ltr'>aliis</span> <span class='ocrx_word' id='word_1_490' title='bbox 683 2931 747 2964; x_wconf 90' lang='lat' dir='ltr'>iam</span> <span class='ocrx_word' id='word_1_491' title='bbox 767 2932 967 2973; x_wconf 81' lang='lat' dir='ltr'>propositam</span> <span class='ocrx_word' id='word_1_492' title='bbox 988 2942 1070 2966; x_wconf 82' lang='lat' dir='ltr'>esse.</span> 
     </span>
     <span class='ocr_line' id='line_1_42' title="bbox 1913 2990 1989 3031; baseline 0 -18"><span class='ocrx_word' id='word_1_493' title='bbox 1913 2993 1941 3031; x_wconf 72' lang='lat'><em>4</em></span> <span class='ocrx_word' id='word_1_494' title='bbox 1967 2990 1989 3013; x_wconf 60' lang='grc' dir='ltr'><strong>α</strong></span> 
     </span>
    </p>
   </div>
  </div>
 </body>
</html>
