2360 3050
262 216 410 266 Quare,
444 219 647 265 postquam
673 214 892 265 diligentius
920 214 1042 252 omnia
1069 215 1246 260 tractavi,
1284 227 1380 263 quae
1406 214 1530 253 Rostii
1555 217 1777 254 sententiam
1808 218 2030 256 confirmare
2057 218 2210 258 videan-

155 293 231 335 tur,
259 301 306 328 eo
334 290 584 327 confidentius
611 290 719 326 istam
747 289 1091 336 nunc-impugnare
1119 289 1295 332 conabor,
1334 301 1541 336 quanquam
1571 291 1745 326 subtilius
1774 290 1843 327 Vir
1868 292 1932 327 ille
1958 294 2134 339 exposuit
2160 293 2215 331 de

155 363 301 410 causis,
338 364 476 412 quibus
512 366 707 414 permotus
744 362 792 400 de
826 362 946 399 titulis
983 363 1137 398 istarum
1171 361 1380 399 fabularum
1419 363 1660 419 dlubitandum
1699 366 1900 402 censuerit.
1970 366 2084 414 Quod
2111 368 2209 406 enim

155 438 317 487 primum
344 449 429 487 pag.
456 438 494 475 9.
521 438 628 481 dicit,
655 437 797 473 fabulas
825 438 917 473 istas
937 436 1142 481 Plautinas,
1171 448 1327 484 quarum
1355 437 1487 472 titulos
1516 439 1698 485 genuinos
1727 451 1812 475 esse
1839 440 1994 484 dubitat,
2021 452 2111 477 casn
2139 441 2210 477 ali-

157 521 233 559 quo
260 513 469 548 nominibus
496 524 518 547 a
545 511 678 547 Plauto
706 511 837 546 inditis
863 511 1049 554 caruisse,
1086 522 1210 557 eoque
1237 511 1377 546 factum
1405 523 1514 554 esse,
1550 516 1591 547 ut
1618 517 1705 559 post
1732 513 1904 548 Plautum
1932 514 2075 559 titulis,
2111 524 2211 562 qnos

156 584 279 622 adhuc
315 585 518 629 habemus,
556 584 726 631 inscripti
762 583 923 627 fuerint,
960 584 1175 631 neutiquam
1212 596 1282 631 per
1317 596 1359 620 se
1385 584 1589 620 verisimile
1617 589 1696 630 est,
1734 585 1938 622 infeliciter
1965 598 2055 624 casu
2080 588 2211 625 nescio

156 667 234 705 quo
260 657 455 702 accidisse,
483 660 525 693 ut
552 656 713 700 nomina,
752 668 847 703 quae
874 656 1030 692 Plautus
1057 657 1140 704 ipse
1168 656 1227 693 his
1255 656 1391 693 fabulis
1419 658 1653 705 imposuerit,
1692 658 1774 694 sine
1802 658 1880 694 ullo
1909 660 2070 707 vestigio
2098 672 2208 708 pror·

157 740 224 767 ans
253 731 468 768 evanuerint
497 733 535 765 et
560 729 707 778 perdita
727 730 813 766 sint.
869 729 1032 765 Fabulae
1060 730 1157 765 enim
1184 729 1291 775 istae,
1324 742 1476 778 quarum
1506 731 1553 767 de
1580 731 1882 779 inscriptionibus
1911 731 2066 768 Rostius
2094 733 2210 770 maxi·

158 814 220 841 me
247 803 392 840 dubitat
419 816 504 853 pag.
530 803 583 849 7„
611 804 793 848 Asinaria,
823 803 1048 848 Cistellaria,
1077 804 1280 848 Aulularia,
1308 803 1544 841 Mostellaria
1564 817 1745 852 nusquam
1765 805 1838 841 alio
1862 806 2012 843 nomine
2039 818 2060 842 a
2087 791 2211 854 gram·

158 878 307 915 maticis
335 880 684 914 commemorantur.
740 876 886 913 Deinde
914 878 1159 913 demonstrari
1186 890 1299 926 posse
1326 882 1430 926 puto,
1456 880 1731 926 grammaticam
1759 879 1867 914 istam
1895 879 2052 915 sormam
2078 879 2211 916 titulo·

156 962 263 998 rum,
301 951 366 999 qui
392 963 414 988 a
440 950 575 987 Rostio
611 951 869 999 improbantur
903 954 1040 999 utpote
1076 962 1150 988 non
1187 951 1353 999 singulas
1381 951 1545 997 fabulas,
1584 952 1650 989 sed
1679 952 1884 988 fabularum
1914 953 2041 1001 potius
2069 953 2211 991 classes

158 1025 337 1074 quasdam
366 1028 404 1062 et
430 1037 570 1073 genera
598 1025 819 1070 indicantes,
849 1038 1057 1073 quanquam
1085 1026 1122 1061 in
1151 1026 1335 1062 sententia
1361 1026 1434 1061 ista
1461 1026 1562 1070 insit,
1591 1026 1691 1074 qnod
1719 1030 1881 1062 mentem
1910 1028 2046 1074 capiat,
2085 1031 2212 1065 tamen

155 1098 202 1138 ab
238 1099 380 1147 antiqui
416 1099 598 1135 sermonis
636 1110 707 1136 usu
744 1099 896 1136 minime
932 1099 1053 1136 fuisse
1089 1098 1266 1144 allenam,
1303 1103 1418 1147 atque
1446 1099 1564 1135 titulis
1595 1100 1776 1136 eiusmodi
1804 1100 1974 1148 potuisse
2003 1100 2058 1136 uti
2085 1100 2211 1149 ipsum

157 1175 311 1223 poetam
338 1173 534 1209 comicum.
590 1171 631 1209 Si
666 1173 764 1209 enim
801 1172 1092 1218 attenderimus,
1136 1185 1245 1221 quam
1282 1184 1395 1221 saepe
1431 1174 1646 1209 comoediae
1681 1177 1757 1209 tum
1787 1172 1909 1209 Plauti
1944 1177 2022 1209 tum
2049 1173 2210 1212 aliorum

158 1246 372 1283 nominibus
409 1246 609 1293 titulisque
644 1246 903 1294 appellentur,
940 1247 1006 1293 qui
1045 1247 1084 1282 in
1120 1247 1279 1294 syllabas
1316 1248 1402 1282 aria
1437 1249 1701 1291 terminantur,
1736 1247 1824 1283 inde
1852 1248 1978 1294 opinio
2008 1248 2211 1295 unicuique

157 1321 323 1363 existet,
360 1318 431 1355 hac
467 1320 734 1356 terminatione
768 1319 963 1355 titulorum
991 1320 1148 1355 maxime
1176 1320 1383 1356 delectatos
1410 1320 1528 1356 fuisse
1555 1324 1703 1356 veteres
1731 1320 1931 1356 Romanos.
1985 1321 2212 1367 Invenimus,

156 1396 203 1432 ut
233 1392 359 1431 Plauti
385 1393 597 1431 comoedias
624 1393 725 1434 hunc
751 1394 790 1430 in
816 1393 968 1430 modum
996 1392 1201 1429 nominatas
1229 1395 1477 1441 praeteream,
1509 1392 1652 1430 fabulas
1678 1393 1847 1431 eiusdem
1874 1393 1977 1430 modi
2004 1394 2125 1431 titulis
2151 1394 2211 1432 in-

158 1467 318 1516 scriptas
345 1447 428 1503 sere
454 1467 591 1503 hasce:
646 1466 779 1502 Naevii
807 1466 1075 1515 Agitatoriam,
1112 1465 1378 1510 clitellariam,
1416 1466 1699 1511 carbonariam,
1739 1467 2008 1512 Corollariam,
2038 1467 2211 1504 Diabola·

154 1540 267 1585 riam,
293 1540 505 1576 Erulariam
533 1539 612 1584 (vel
639 1540 893 1583 Aululariam,
922 1543 964 1575 ut
990 1540 1052 1575 alii
1079 1536 1249 1587 volunt),
1279 1539 1313 1574 Τ
1316 1540 1564 1575 esticulariam
1594 1540 1671 1587 (vel
1701 1540 2011 1584 Gesticulariam,
2041 1544 2082 1576 ut
2108 1541 2209 1576 haud

153 1611 253 1649 male
287 1611 369 1647 vult
394 1610 504 1646 Rost.
542 1622 627 1658 pag.
663 1609 741 1656 9.),
781 1610 1079 1652 Funiculariam;
1132 1608 1285 1644 Pacuvii
1313 1608 1579 1655 Piscatoriam3
1635 1611 1745 1647 Novii
1771 1612 2034 1656 Gallinariam,
2071 1611 2209 1661 Ligna-

154 1684 262 1731 riam,
291 1682 555 1727 Tabellariam,
583 1682 847 1731 Togulariam;
894 1683 1014 1729 ignoti
1041 1681 1234 1717 cuiusdam
1263 1680 1575 1724 Corniculariam;
1621 1680 1755 1717 Lucilii
1783 1681 2085 1720 Nummulariam.
2137 1684 2209 1721 Et-

154 1758 190 1795 si
216 1755 498 1794 concedendum
526 1757 597 1799 est,
633 1755 734 1791 haud
761 1767 846 1791 raro
874 1755 945 1791 hos
971 1754 1103 1791 titulos
1130 1755 1184 1791 ita
1211 1754 1390 1803 explicari
1417 1766 1550 1803 posse,
1593 1758 1634 1790 ut
1661 1754 1891 1803 intelligatur
1917 1756 2062 1804 puella,
2097 1757 2212 1798 sicuti

127 1858 135 1861 -
156 1830 391 1875 Corollaria,
433 1827 695 1874 Tunicularia,
723 1828 957 1875 Tabellaria,
995 1828 1198 1878 Togularia
1225 1828 1375 1877 puellae
1403 1840 1488 1864 esse
1516 1832 1694 1876 possunt,
1730 1828 1824 1864 haec
1852 1833 1974 1866 tamen
2001 1830 2210 1879 explicandi

151 1905 262 1948 ratio,
290 1902 421 1938 utiam
439 1902 478 1937 in
499 1900 559 1937 his
586 1902 794 1937 nominibus
822 1902 935 1937 modo
962 1902 1178 1938 memoratis
1207 1901 1405 1938 admodum
1433 1901 1582 1936 dubiam
1611 1901 1671 1936 hic
1690 1905 1730 1937 et
1748 1901 1813 1937 ille
1841 1903 2120 1949 existimaverit,
2155 1905 2209 1941 ita

152 1977 194 2016 in
226 1966 308 2013 aliis
343 1974 462 2010 multo
497 1974 618 2010 minus
655 1978 763 2022 apta,
800 1976 889 2022 quin
924 1976 964 2011 in
998 1975 1188 2011 nonnullis
1223 1987 1378 2022 prorsus
1416 1975 1543 2021 inepta
1579 1978 1648 2010 est.
1701 1975 1910 2022 Agitatoria
1938 1988 2119 2023 quaenam
2147 1982 2208 2014 est

154 2050 314 2101 puessa‘!
368 2048 559 2094 Quaenam
587 2047 822 2085 clitellaria?
876 2060 951 2096 quo
979 2049 1128 2085 nomine
1153 2048 1296 2097 plures,
1334 2048 1446 2084 etiam
1473 2047 1641 2092 Plautus,
1677 2047 1819 2084 fabulas
1849 2050 2047 2096 scripsisse
2074 2050 2205 2088 ferun·

151 2126 230 2161 tur.
276 2120 540 2158 Carbonariam
568 2119 722 2157 Rostius
750 2120 831 2157 vult
857 2133 942 2158 esse
969 2121 1145 2170 puellam,
1173 2109 1475 2169 quaecarbones
1503 2123 1567 2156 aut
1590 2119 1726 2156 vendat
1751 2124 1815 2157 aut
1842 2124 1999 2167 tractet;
2037 2122 2103 2159 sed
2130 2123 2206 2161 hoc

151 2195 349 2245 negotium
366 2192 490 2231 nonne
507 2196 566 2229 est
581 2195 710 2242 potius
727 2195 798 2230 viri
826 2195 1063 2230 carbonarii‘!
1118 2194 1228 2241 Quod
1256 2194 1356 2229 idem
1384 2193 1501 2238 addit,
1530 2205 1615 2229 esse
1643 2194 1817 2241 puellam,
1847 2207 1942 2242 quae
1963 2207 1984 2231 a
2011 2197 2119 2233 nobis
2147 2197 2206 2233 di-

156 2273 263 2307 catur
280 2267 604 2311 Asckenhroedel,
632 2268 670 2302 id
700 2269 888 2313 quomodo
917 2268 1088 2314 quadret,
1115 2279 1239 2311 nemo,
1266 2270 1372 2314 puto,
1400 2267 1597 2313 intelliget.
1643 2267 1779 2314 Aptius
1799 2268 1861 2303 hic
1890 2280 2040 2315 quoque
2061 2270 2203 2306 Carbo-

153 2342 296 2386 nariam
321 2338 484 2386 intelligi
511 2341 603 2387 puto
630 2338 805 2384 fabulam,
832 2339 946 2375 sicuti
973 2339 1236 2384 Diabolariam,
1271 2339 1310 2375 in
1337 2351 1411 2386 qua
1438 2350 1582 2374 summa
1607 2339 1663 2374 rei
1689 2338 1773 2376 fere
1798 2339 1897 2376 redit
1922 2340 1968 2376 ad
1995 2341 2204 2387 diabolum

155 2416 300 2467 pariter
326 2412 474 2462 explico
490 2411 735 2449 Piscatoriam
762 2409 952 2462 (puellam
973 2413 1026 2450 ita
1052 2425 1126 2451 non
1152 2412 1356 2459 vocaveris,
1383 2412 1452 2450 sed
1473 2410 1740 2464 piscati-icem),
1770 2412 2073 2452 Nummulariam.
2127 2415 2202 2454 lta-

154 2500 232 2539 que
257 2486 425 2525 videmus
452 2484 630 2534 plurimas
659 2486 771 2522 etiam
798 2486 956 2523 aliorum
981 2490 1180 2535 poetarum
1206 2486 1420 2524 comoedias
1446 2486 1582 2523 eodem
1608 2487 1720 2524 modo
1748 2487 1945 2536 inscriptas
1975 2500 2083 2536 esse,
2126 2501 2203 2539 quo

152 2562 361 2610 inscriptae
396 2562 484 2596 sunt
515 2558 732 2595 comoediae
768 2558 891 2595 Plauti
925 2559 1117 2605 Asinaria,
1153 2560 1369 2605 Aulularia,
1408 2559 1640 2605 Cistellaria,
1676 2559 1932 2606 Mostellaria,
1967 2560 2204 2612 formamque

151 2636 266 2674 istam
291 2632 486 2670 titulorum
512 2632 620 2669 valde
647 2632 685 2669 in
712 2643 754 2668 re
780 2633 922 2669 comica
947 2633 1153 2670 adamatam
1180 2644 1267 2670 esse
1292 2646 1315 2671 a
1340 2633 1516 2670 Romanis
1543 2633 1746 2678 veteribus,
1773 2633 1938 2682 denique
1965 2636 2003 2673 in
2031 2637 2202 2685 plurimis

152 2705 339 2747 eiusmodi
357 2705 661 2753 inscriptionibus
680 2716 753 2741 non
773 2705 950 2753 puellam,
977 2705 1044 2742 sed
1063 2705 1227 2743 fabulam
1250 2705 1311 2742 vel
1338 2706 1568 2742 comoediam
1594 2705 1754 2754 intelligi
1780 2717 1906 2755 posse.
1960 2708 2201 2756 Putemusne,

156 2779 285 2818 onmia
319 2777 482 2828 plurima
516 2777 610 2814 haec
645 2777 921 2814 comoediarum
956 2778 1105 2815 uomina
1138 2780 1273 2827 postea
1311 2778 1461 2814 demum
1494 2778 1539 2815 ab
1575 2778 1822 2815 histrionibus
1857 2784 1921 2817 aut
1954 2784 2201 2830 grammaticis

141 2852 246 2909 ‚ficu
269 2854 313 2889 et
338 2854 426 2888 nata
453 2861 551 2896 esse,
586 2850 689 2888 nulla
714 2862 873 2901 prorsus
900 2852 945 2889 ab
971 2852 1063 2900 ipsis
1089 2851 1241 2901 poetis‘3
1293 2850 1392 2897 Hoc,
1424 2854 1469 2889 ut
1491 2852 1654 2901 ingenue
1680 2851 1811 2898 fatear,
1847 2864 1931 2890 cum
1958 2856 2116 2893 animum
2141 2857 2199 2894 in-

154 2925 295 2966 ducere
319 2935 396 2963 non
422 2924 578 2974 possim..
605 2935 680 2963 non
708 2925 914 2964 difficiliori
942 2937 1059 2976 opera
1083 2925 1179 2964 mihi
1204 2925 1473 2976 persuaserim,
1500 2937 1523 2965 a
1539 2924 1675 2966 Plauto
1701 2926 1785 2977 ipso
1812 2938 1948 2966 nomen
1974 2929 2200 2980 titulumque

1905 3000 1931 3037 2
